{"amount": 0.01994, "date": 1667620448, "price": 108843.24087356, "tid": 14363265, "type": "sell"}
{"amount": 0.02081, "date": 1667620448, "price": 108831.9272659, "tid": 14363266, "type": "sell"}
{"amount": 0.04602, "date": 1667620448, "price": 108809.80148566, "tid": 14363267, "type": "sell"}
{"amount": 0.03480166, "date": 1667620448, "price": 108796.00001, "tid": 14363268, "type": "sell"}
{"amount": 0.45470528, "date": 1667620448, "price": 108796, "tid": 14363269, "type": "sell"}
{"amount": 0.0188329, "date": 1667620499, "price": 108799.3469, "tid": 14363270, "type": "sell"}
{"amount": 9.185e-05, "date": 1667620542, "price": 108872.52243438, "tid": 14363271, "type": "buy"}
{"amount": 0.0001125, "date": 1667620564, "price": 108880.80783174, "tid": 14363272, "type": "buy"}
{"amount": 2.593e-05, "date": 1667620617, "price": 108833.35542337, "tid": 14363273, "type": "sell"}
{"amount": 0.09637095, "date": 1667620622, "price": 108885.51, "tid": 14363274, "type": "buy"}
{"amount": 0.0003094, "date": 1667620649, "price": 108885.51, "tid": 14363275, "type": "buy"}
{"amount": 0.03218982, "date": 1667620719, "price": 108885.51, "tid": 14363276, "type": "buy"}
{"amount": 0.00954, "date": 1667620724, "price": 108885.50999999, "tid": 14363277, "type": "sell"}
{"amount": 0.02013978, "date": 1667620744, "price": 108885.51, "tid": 14363278, "type": "buy"}
{"amount": 0.0162, "date": 1667620856, "price": 108956.7728479, "tid": 14363279, "type": "buy"}
{"amount": 0.0055, "date": 1667620856, "price": 108972.79314, "tid": 14363280, "type": "buy"}
{"amount": 1.376e-05, "date": 1667620991, "price": 108972.78999999, "tid": 14363281, "type": "buy"}
{"amount": 0.00918048, "date": 1667621036, "price": 108926.71223211, "tid": 14363282, "type": "buy"}
{"amount": 0.00022951, "date": 1667621061, "price": 108926.41460829, "tid": 14363283, "type": "buy"}
{"amount": 4.59e-05, "date": 1667621070, "price": 108924.70836529, "tid": 14363284, "type": "buy"}
{"amount": 0.00471287, "date": 1667621176, "price": 108918.28225, "tid": 14363285, "type": "sell"}
{"amount": 0.037, "date": 1667621395, "price": 108845.96052786, "tid": 14363286, "type": "buy"}
{"amount": 0.01267339, "date": 1667621403, "price": 108868.59757191, "tid": 14363287, "type": "buy"}
{"amount": 0.00051045, "date": 1667621636, "price": 109000, "tid": 14363288, "type": "buy"}
{"amount": 4.587e-05, "date": 1667621668, "price": 109000, "tid": 14363289, "type": "buy"}
{"amount": 9.17e-06, "date": 1667621691, "price": 109000, "tid": 14363290, "type": "buy"}
{"amount": 0.01181145, "date": 1667621968, "price": 108950.3032, "tid": 14363291, "type": "sell"}
{"amount": 0.00183497, "date": 1667622022, "price": 108993.19671537, "tid": 14363292, "type": "buy"}
{"amount": 0.00051068, "date": 1667622108, "price": 108989.84018125, "tid": 14363293, "type": "buy"}
{"amount": 0.00017214, "date": 1667622276, "price": 108918.42535, "tid": 14363294, "type": "buy"}
{"amount": 0.00039959, "date": 1667622303, "price": 108911.31764146, "tid": 14363295, "type": "buy"}
{"amount": 8.611e-05, "date": 1667622328, "price": 108923.08757757, "tid": 14363296, "type": "buy"}
{"amount": 0.00463663, "date": 1667622490, "price": 108915.08395041, "tid": 14363297, "type": "buy"}
{"amount": 0.0009233, "date": 1667622811, "price": 108830.79174473, "tid": 14363298, "type": "sell"}
{"amount": 0.00054088, "date": 1667622821, "price": 108931.67988237, "tid": 14363299, "type": "buy"}
{"amount": 0.03388, "date": 1667622839, "price": 108898.06141932, "tid": 14363300, "type": "buy"}
{"amount": 0.00302001, "date": 1667622839, "price": 108898.74391652, "tid": 14363301, "type": "buy"}
{"amount": 2.295e-05, "date": 1667622894, "price": 108890.57621368, "tid": 14363302, "type": "buy"}
{"amount": 0.00010394, "date": 1667623032, "price": 108827.57070001, "tid": 14363303, "type": "sell"}
{"amount": 0.0211, "date": 1667623067, "price": 108801.68580445, "tid": 14363304, "type": "sell"}
{"amount": 0.01436, "date": 1667623067, "price": 108801.68580444, "tid": 14363305, "type": "sell"}
{"amount": 0.01391, "date": 1667623067, "price": 108800.02044074, "tid": 14363306, "type": "sell"}
{"amount": 0.01346, "date": 1667623067, "price": 108799.98084468, "tid": 14363307, "type": "sell"}
{"amount": 0.09788652, "date": 1667623067, "price": 108792, "tid": 14363308, "type": "sell"}
{"amount": 0.00017463, "date": 1667623172, "price": 108796.94997259, "tid": 14363309, "type": "buy"}
{"amount": 0.0197, "date": 1667623485, "price": 108812.41398977, "tid": 14363310, "type": "buy"}
{"amount": 0.00350914, "date": 1667623485, "price": 108815.59452189, "tid": 14363311, "type": "buy"}
{"amount": 0.00587837, "date": 1667623660, "price": 108758.36015, "tid": 14363312, "type": "sell"}
{"amount": 0.00634712, "date": 1667623660, "price": 108758.3601, "tid": 14363313, "type": "sell"}
{"amount": 0.00061978, "date": 1667623754, "price": 108758.34, "tid": 14363314, "type": "sell"}
{"amount": 0.00104085, "date": 1667623804, "price": 108758.34004001, "tid": 14363315, "type": "buy"}
{"amount": 0.00413676, "date": 1667623841, "price": 108780.54831812, "tid": 14363316, "type": "buy"}
{"amount": 0.0001691, "date": 1667624008, "price": 108758.34, "tid": 14363317, "type": "sell"}
{"amount": 0.00031448, "date": 1667624017, "price": 108758.34, "tid": 14363318, "type": "sell"}
{"amount": 3.929e-05, "date": 1667624092, "price": 108675.15537867, "tid": 14363319, "type": "buy"}
{"amount": 9.203e-05, "date": 1667624141, "price": 108653.50701283, "tid": 14363320, "type": "buy"}
{"amount": 8.411e-05, "date": 1667624158, "price": 108665.40437931, "tid": 14363321, "type": "buy"}
{"amount": 0.02973699, "date": 1667624247, "price": 108589.64254855, "tid": 14363322, "type": "buy"}
{"amount": 8.36e-05, "date": 1667624306, "price": 108562.0101, "tid": 14363323, "type": "sell"}
{"amount": 0.001111, "date": 1667624364, "price": 108562.0101, "tid": 14363324, "type": "sell"}
{"amount": 0.00391037, "date": 1667624462, "price": 108504.84310001, "tid": 14363325, "type": "sell"}
{"amount": 0.00017341, "date": 1667624489, "price": 108542.24410843, "tid": 14363326, "type": "sell"}
{"amount": 0.00017197, "date": 1667624597, "price": 108676.64181014, "tid": 14363327, "type": "buy"}
{"amount": 0.00046006, "date": 1667624985, "price": 108680.52577222, "tid": 14363328, "type": "buy"}
{"amount": 0.00307407, "date": 1667625171, "price": 108683.9710456, "tid": 14363329, "type": "buy"}
{"amount": 9.19e-06, "date": 1667625207, "price": 108695.80980566, "tid": 14363330, "type": "buy"}
{"amount": 0.00045684, "date": 1667625322, "price": 108576.51932001, "tid": 14363331, "type": "sell"}
{"amount": 0.00045798, "date": 1667625383, "price": 108628.87571644, "tid": 14363332, "type": "buy"}
{"amount": 0.00092041, "date": 1667625417, "price": 108646.68020944, "tid": 14363333, "type": "buy"}
{"amount": 0.00211884, "date": 1667625582, "price": 108653.80910166, "tid": 14363334, "type": "buy"}
{"amount": 0.00092013, "date": 1667625659, "price": 108679.7716333, "tid": 14363335, "type": "buy"}
{"amount": 0.00567844, "date": 1667626116, "price": 108569.03015, "tid": 14363336, "type": "sell"}
{"amount": 0.0379913, "date": 1667626116, "price": 108569.0301, "tid": 14363337, "type": "sell"}
{"amount": 0.00952341, "date": 1667626269, "price": 108579.99999999, "tid": 14363338, "type": "sell"}
{"amount": 0.0006, "date": 1667626315, "price": 108580, "tid": 14363339, "type": "buy"}
{"amount": 0.0002686, "date": 1667626665, "price": 108662.07113344, "tid": 14363340, "type": "sell"}
{"amount": 0.00051343, "date": 1667626762, "price": 108796.5027805, "tid": 14363341, "type": "buy"}
{"amount": 9.017e-05, "date": 1667627809, "price": 108693.2860417, "tid": 14363342, "type": "buy"}
{"amount": 0.00216324, "date": 1667627961, "price": 108634.66005, "tid": 14363343, "type": "sell"}
{"amount": 0.00117126, "date": 1667627961, "price": 108634.66, "tid": 14363344, "type": "sell"}
{"amount": 0.0125116, "date": 1667627961, "price": 108572.01000001, "tid": 14363345, "type": "sell"}
{"amount": 2.927e-05, "date": 1667628072, "price": 108610.27815475, "tid": 14363346, "type": "buy"}
{"amount": 2e-05, "date": 1667628293, "price": 108610.54476554, "tid": 14363347, "type": "sell"}
{"amount": 9.198e-05, "date": 1667628395, "price": 108712.24035516, "tid": 14363348, "type": "buy"}
{"amount": 0.01551948, "date": 1667628420, "price": 108625.91223, "tid": 14363349, "type": "sell"}
{"amount": 0.0173, "date": 1667628420, "price": 108611.94277748, "tid": 14363350, "type": "sell"}
{"amount": 0.01402, "date": 1667628420, "price": 108611.94277747, "tid": 14363351, "type": "sell"}
{"amount": 0.00274211, "date": 1667628420, "price": 108611.55613359, "tid": 14363352, "type": "sell"}
{"amount": 0.0002823, "date": 1667628486, "price": 108607.92517392, "tid": 14363353, "type": "sell"}
{"amount": 0.01762814, "date": 1667628784, "price": 108694.37433999, "tid": 14363354, "type": "buy"}
{"amount": 0.0166, "date": 1667628793, "price": 108694.37432999, "tid": 14363355, "type": "buy"}
{"amount": 0.01911881, "date": 1667628793, "price": 108704.7210833, "tid": 14363356, "type": "buy"}
{"amount": 1.38e-05, "date": 1667629097, "price": 108606.77438167, "tid": 14363357, "type": "sell"}
{"amount": 0.001201, "date": 1667629163, "price": 108597.11357289, "tid": 14363358, "type": "sell"}
{"amount": 0.02, "date": 1667629454, "price": 108771.84591798, "tid": 14363359, "type": "buy"}
{"amount": 0.00018395, "date": 1667629674, "price": 108720.22028212, "tid": 14363360, "type": "buy"}
{"amount": 0.00013823, "date": 1667630250, "price": 108658.5726663, "tid": 14363361, "type": "buy"}
{"amount": 0.01539387, "date": 1667630295, "price": 108607.03010001, "tid": 14363362, "type": "buy"}
{"amount": 0.01021106, "date": 1667630542, "price": 108653.79440547, "tid": 14363363, "type": "buy"}
{"amount": 0.00368, "date": 1667631875, "price": 108695.39297224, "tid": 14363364, "type": "buy"}
{"amount": 1.839e-05, "date": 1667632658, "price": 108719.28750684, "tid": 14363365, "type": "buy"}
{"amount": 0.00034722, "date": 1667633655, "price": 108607.0202, "tid": 14363366, "type": "sell"}
{"amount": 0.00013303, "date": 1667634697, "price": 108694.69143921, "tid": 14363367, "type": "buy"}
{"amount": 0.01091778, "date": 1667634739, "price": 108707.00357412, "tid": 14363368, "type": "buy"}
{"amount": 0.00046023, "date": 1667635178, "price": 108639.96881424, "tid": 14363369, "type": "buy"}
{"amount": 4.612e-05, "date": 1667635919, "price": 108400.00000001, "tid": 14363370, "type": "buy"}
{"amount": 0.02772149, "date": 1667636132, "price": 108400, "tid": 14363371, "type": "sell"}
{"amount": 0.0174, "date": 1667636183, "price": 108250.00000001, "tid": 14363372, "type": "sell"}
{"amount": 0.00025, "date": 1667636183, "price": 108250, "tid": 14363373, "type": "sell"}
{"amount": 0.02886, "date": 1667636289, "price": 108040.01000002, "tid": 14363374, "type": "buy"}
{"amount": 0.00085444, "date": 1667636289, "price": 108040.01000002, "tid": 14363375, "type": "buy"}
{"amount": 0.02786, "date": 1667636300, "price": 108108.94606188, "tid": 14363376, "type": "buy"}
{"amount": 0.00755485, "date": 1667636300, "price": 108115.02581918, "tid": 14363377, "type": "buy"}
{"amount": 0.0132, "date": 1667636780, "price": 108423.81376216, "tid": 14363378, "type": "buy"}
{"amount": 0.02575, "date": 1667636780, "price": 108423.81376217, "tid": 14363379, "type": "buy"}
{"amount": 0.01071696, "date": 1667636780, "price": 108436.77172093, "tid": 14363380, "type": "buy"}
{"amount": 0.004314, "date": 1667637058, "price": 108104.11467217, "tid": 14363381, "type": "sell"}
{"amount": 6e-05, "date": 1667637293, "price": 108245.64232903, "tid": 14363382, "type": "sell"}
{"amount": 1.1e-05, "date": 1667637343, "price": 108408.7722021, "tid": 14363383, "type": "buy"}
{"amount": 0.000132, "date": 1667637344, "price": 108287.29170001, "tid": 14363384, "type": "sell"}
{"amount": 0.0118607, "date": 1667637604, "price": 108234.67907393, "tid": 14363385, "type": "buy"}
{"amount": 3.562e-05, "date": 1667638006, "price": 108111.96977932, "tid": 14363386, "type": "buy"}
{"amount": 0.013, "date": 1667638201, "price": 108158.85234999, "tid": 14363387, "type": "sell"}
{"amount": 0.00994348, "date": 1667638201, "price": 108158.85234998, "tid": 14363388, "type": "sell"}
{"amount": 8.557e-05, "date": 1667638474, "price": 108320.4034198, "tid": 14363389, "type": "buy"}
{"amount": 0.00094838, "date": 1667638766, "price": 108231.45930794, "tid": 14363390, "type": "sell"}
{"amount": 0.00018454, "date": 1667638935, "price": 108376.71094313, "tid": 14363391, "type": "buy"}
{"amount": 0.00023083, "date": 1667639134, "price": 108288.42178, "tid": 14363392, "type": "buy"}
{"amount": 9.241e-05, "date": 1667639256, "price": 108320.47089594, "tid": 14363393, "type": "buy"}
{"amount": 1.024e-05, "date": 1667639534, "price": 108343.28338562, "tid": 14363394, "type": "buy"}
{"amount": 1.033e-05, "date": 1667639652, "price": 108368.58867, "tid": 14363395, "type": "buy"}
{"amount": 0.00092357, "date": 1667639713, "price": 108275.23059, "tid": 14363396, "type": "buy"}
{"amount": 0.00014747, "date": 1667639835, "price": 108222.26138735, "tid": 14363397, "type": "buy"}
{"amount": 3.05e-05, "date": 1667639892, "price": 108196.28617, "tid": 14363398, "type": "buy"}
{"amount": 1e-05, "date": 1667639946, "price": 108206.60112, "tid": 14363399, "type": "buy"}
{"amount": 1e-05, "date": 1667640116, "price": 108200, "tid": 14363400, "type": "sell"}
{"amount": 0.0005074, "date": 1667640116, "price": 108166, "tid": 14363401, "type": "sell"}
{"amount": 0.00092421, "date": 1667640125, "price": 108199.99989, "tid": 14363402, "type": "buy"}
{"amount": 0.00107933, "date": 1667640165, "price": 108150.00000001, "tid": 14363403, "type": "buy"}
{"amount": 1e-05, "date": 1667640233, "price": 108150, "tid": 14363404, "type": "sell"}
{"amount": 0.00013876, "date": 1667640267, "price": 108096.18217208, "tid": 14363405, "type": "buy"}
{"amount": 9.254e-05, "date": 1667640611, "price": 108049.99000001, "tid": 14363406, "type": "buy"}
{"amount": 0.00925497, "date": 1667640615, "price": 108049.99000001, "tid": 14363407, "type": "buy"}
{"amount": 1e-05, "date": 1667640735, "price": 108000.00995, "tid": 14363408, "type": "buy"}
{"amount": 0.00025, "date": 1667640866, "price": 108000, "tid": 14363409, "type": "sell"}
{"amount": 1e-05, "date": 1667640866, "price": 108000, "tid": 14363410, "type": "sell"}
{"amount": 1e-05, "date": 1667640866, "price": 108000, "tid": 14363411, "type": "sell"}
{"amount": 1e-05, "date": 1667640866, "price": 108000, "tid": 14363412, "type": "sell"}
{"amount": 1e-05, "date": 1667640866, "price": 107999.99, "tid": 14363413, "type": "sell"}
{"amount": 0.00271, "date": 1667640866, "price": 107949.99000001, "tid": 14363414, "type": "sell"}
{"amount": 0.00361458, "date": 1667640962, "price": 107982.0074, "tid": 14363415, "type": "buy"}
{"amount": 0.0001, "date": 1667641139, "price": 107949.99000001, "tid": 14363416, "type": "buy"}
{"amount": 1e-05, "date": 1667641165, "price": 107949.99, "tid": 14363417, "type": "sell"}
{"amount": 1e-05, "date": 1667641165, "price": 107940, "tid": 14363418, "type": "sell"}
{"amount": 1e-05, "date": 1667641165, "price": 107939.99, "tid": 14363419, "type": "sell"}
{"amount": 0.0012733, "date": 1667641165, "price": 107916, "tid": 14363420, "type": "sell"}
{"amount": 1e-05, "date": 1667641269, "price": 107916, "tid": 14363421, "type": "sell"}
{"amount": 1e-05, "date": 1667641269, "price": 107909.99, "tid": 14363422, "type": "sell"}
{"amount": 1e-05, "date": 1667641269, "price": 107900, "tid": 14363423, "type": "sell"}
{"amount": 1e-05, "date": 1667641269, "price": 107899.99, "tid": 14363424, "type": "sell"}
{"amount": 0.0001328, "date": 1667641269, "price": 107885.07842674, "tid": 14363425, "type": "sell"}
{"amount": 1e-05, "date": 1667641289, "price": 107916.00000001, "tid": 14363426, "type": "buy"}
{"amount": 0.08136, "date": 1667641466, "price": 107841, "tid": 14363427, "type": "sell"}
{"amount": 0.00278061, "date": 1667641485, "price": 107889.729, "tid": 14363428, "type": "buy"}
{"amount": 1e-05, "date": 1667641727, "price": 107919.99, "tid": 14363429, "type": "sell"}
{"amount": 0.00018526, "date": 1667641826, "price": 107952.48049, "tid": 14363430, "type": "buy"}
{"amount": 0.0144, "date": 1667641856, "price": 107902.00000001, "tid": 14363431, "type": "sell"}
{"amount": 1e-05, "date": 1667641856, "price": 107902, "tid": 14363432, "type": "sell"}
{"amount": 1e-05, "date": 1667641856, "price": 107901.99, "tid": 14363433, "type": "sell"}
{"amount": 1e-05, "date": 1667641856, "price": 107900.99, "tid": 14363434, "type": "sell"}
{"amount": 1e-05, "date": 1667641856, "price": 107900, "tid": 14363435, "type": "sell"}
{"amount": 1e-05, "date": 1667641856, "price": 107899.99, "tid": 14363436, "type": "sell"}
{"amount": 0.0450476, "date": 1667641856, "price": 107889.00938514, "tid": 14363437, "type": "sell"}
{"amount": 0.01004372, "date": 1667642015, "price": 107997.5958823, "tid": 14363438, "type": "buy"}
{"amount": 5.303e-05, "date": 1667642082, "price": 107917.32576821, "tid": 14363439, "type": "sell"}
{"amount": 4.629e-05, "date": 1667642090, "price": 107998.11216999, "tid": 14363440, "type": "buy"}
{"amount": 0.00054163, "date": 1667642203, "price": 107909.70114556, "tid": 14363441, "type": "sell"}
{"amount": 0.00098099, "date": 1667642253, "price": 107979.13539193, "tid": 14363442, "type": "buy"}
{"amount": 0.04638806, "date": 1667642365, "price": 108013.95815, "tid": 14363443, "type": "buy"}
{"amount": 0.0231, "date": 1667642365, "price": 108018.88854366, "tid": 14363444, "type": "buy"}
{"amount": 0.0144, "date": 1667642365, "price": 108020.72778242, "tid": 14363445, "type": "buy"}
{"amount": 0.01331878, "date": 1667642365, "price": 108020.88902311, "tid": 14363446, "type": "buy"}
{"amount": 0.0009258, "date": 1667642425, "price": 108013.9581, "tid": 14363447, "type": "buy"}
{"amount": 0.14170318, "date": 1667642645, "price": 108024.74481, "tid": 14363448, "type": "buy"}
{"amount": 0.00927087, "date": 1667643010, "price": 108122.4943071, "tid": 14363449, "type": "buy"}
{"amount": 0.0012764, "date": 1667643512, "price": 108078.16974112, "tid": 14363450, "type": "sell"}
{"amount": 5.154e-05, "date": 1667643684, "price": 108078.28117912, "tid": 14363451, "type": "sell"}
{"amount": 4e-05, "date": 1667643851, "price": 108150, "tid": 14363452, "type": "buy"}
{"amount": 0.00180861, "date": 1667643851, "price": 108190.17767, "tid": 14363453, "type": "buy"}
{"amount": 9.24e-06, "date": 1667643879, "price": 108172.84143796, "tid": 14363454, "type": "buy"}
{"amount": 0.00014622, "date": 1667643976, "price": 108257.258, "tid": 14363455, "type": "buy"}
{"amount": 4.481e-05, "date": 1667644079, "price": 108229.18671798, "tid": 14363456, "type": "buy"}
{"amount": 0.00055447, "date": 1667644097, "price": 108209.96425318, "tid": 14363457, "type": "buy"}
{"amount": 0.00016927, "date": 1667644156, "price": 108226.90318007, "tid": 14363458, "type": "buy"}
{"amount": 0.0044057, "date": 1667644295, "price": 108184.31426294, "tid": 14363459, "type": "sell"}
{"amount": 0.0003, "date": 1667644406, "price": 108175.37872632, "tid": 14363460, "type": "sell"}
{"amount": 6.615e-05, "date": 1667644414, "price": 108226.9, "tid": 14363461, "type": "buy"}
{"amount": 0.0001848, "date": 1667644434, "price": 108184.88172042, "tid": 14363462, "type": "sell"}
{"amount": 0.00023099, "date": 1667644615, "price": 108226.9, "tid": 14363463, "type": "buy"}
{"amount": 0.01406886, "date": 1667644621, "price": 108226.9, "tid": 14363464, "type": "buy"}
{"amount": 0.31675632, "date": 1667644621, "price": 108293.52305, "tid": 14363465, "type": "buy"}
{"amount": 0.02382, "date": 1667644621, "price": 108315.96760079, "tid": 14363466, "type": "buy"}
{"amount": 0.02357, "date": 1667644621, "price": 108316.71103524, "tid": 14363467, "type": "buy"}
{"amount": 0.02331, "date": 1667644621, "price": 108317.50565698, "tid": 14363468, "type": "buy"}
{"amount": 0.02737, "date": 1667644621, "price": 108333.21980598, "tid": 14363469, "type": "buy"}
{"amount": 0.0295, "date": 1667644621, "price": 108335.13079814, "tid": 14363470, "type": "buy"}
{"amount": 0.0028214, "date": 1667644621, "price": 108369.61310292, "tid": 14363471, "type": "buy"}
{"amount": 0.00022608, "date": 1667644727, "price": 108376.71988, "tid": 14363472, "type": "buy"}
{"amount": 0.00021766, "date": 1667644776, "price": 108376.71988, "tid": 14363473, "type": "buy"}
{"amount": 4.152e-05, "date": 1667644784, "price": 108376.71988, "tid": 14363474, "type": "buy"}
{"amount": 4.613e-05, "date": 1667644877, "price": 108376.71988, "tid": 14363475, "type": "buy"}
{"amount": 0.00018454, "date": 1667645204, "price": 108376.71988, "tid": 14363476, "type": "buy"}
{"amount": 0.00018456, "date": 1667645448, "price": 108360.27209529, "tid": 14363477, "type": "buy"}
{"amount": 9.227e-05, "date": 1667645711, "price": 108376.71988, "tid": 14363478, "type": "buy"}
{"amount": 0.00023086, "date": 1667646022, "price": 108376.71988, "tid": 14363479, "type": "buy"}
{"amount": 0.00742979, "date": 1667646116, "price": 108376.72, "tid": 14363480, "type": "buy"}
{"amount": 0.00046043, "date": 1667646292, "price": 108593.3065393, "tid": 14363481, "type": "buy"}
{"amount": 0.00055248, "date": 1667646306, "price": 108600.25987101, "tid": 14363482, "type": "buy"}
{"amount": 0.00021034, "date": 1667646507, "price": 108629.69338934, "tid": 14363483, "type": "buy"}
{"amount": 0.0159, "date": 1667646651, "price": 108648.10340417, "tid": 14363484, "type": "sell"}
{"amount": 0.02966, "date": 1667646651, "price": 108648.10340416, "tid": 14363485, "type": "sell"}
{"amount": 0.0323, "date": 1667646651, "price": 108647.56769276, "tid": 14363486, "type": "sell"}
{"amount": 0.018, "date": 1667646651, "price": 108642.66508593, "tid": 14363487, "type": "sell"}
{"amount": 0.0151, "date": 1667646651, "price": 108642.59657725, "tid": 14363488, "type": "sell"}
{"amount": 0.0191, "date": 1667646651, "price": 108642.56607222, "tid": 14363489, "type": "sell"}
{"amount": 0.07364469, "date": 1667646757, "price": 108629.69, "tid": 14363490, "type": "buy"}
{"amount": 0.00036822, "date": 1667646853, "price": 108629.68995, "tid": 14363491, "type": "buy"}
{"amount": 0.00677802, "date": 1667646863, "price": 108629.68995, "tid": 14363492, "type": "buy"}
{"amount": 0.001521, "date": 1667646902, "price": 108544.20273045, "tid": 14363493, "type": "sell"}
{"amount": 0.02623, "date": 1667646956, "price": 108540.56647552, "tid": 14363494, "type": "sell"}
{"amount": 0.02682, "date": 1667646956, "price": 108540.25809279, "tid": 14363495, "type": "sell"}
{"amount": 0.0014201, "date": 1667646956, "price": 108520.42170572, "tid": 14363496, "type": "sell"}
{"amount": 0.0004603, "date": 1667646958, "price": 108622.57087679, "tid": 14363497, "type": "buy"}
{"amount": 8.957e-05, "date": 1667647056, "price": 108629.69, "tid": 14363498, "type": "buy"}
{"amount": 0.00027911, "date": 1667647064, "price": 108629.69, "tid": 14363499, "type": "buy"}
{"amount": 0.00368223, "date": 1667647104, "price": 108629.69, "tid": 14363500, "type": "buy"}
{"amount": 0.00346697, "date": 1667647115, "price": 108592.64046961, "tid": 14363501, "type": "sell"}
{"amount": 0.0063093, "date": 1667647189, "price": 108552.10602879, "tid": 14363502, "type": "sell"}
{"amount": 0.00464483, "date": 1667647319, "price": 108600.30027476, "tid": 14363503, "type": "sell"}
{"amount": 4.602e-05, "date": 1667647332, "price": 108629.69, "tid": 14363504, "type": "buy"}
{"amount": 0.00046027, "date": 1667647374, "price": 108629.69, "tid": 14363505, "type": "buy"}
{"amount": 0.00752121, "date": 1667647549, "price": 108591.41392, "tid": 14363506, "type": "sell"}
{"amount": 0.01047879, "date": 1667647549, "price": 108589, "tid": 14363507, "type": "sell"}
{"amount": 0.00069041, "date": 1667647615, "price": 108629.69, "tid": 14363508, "type": "buy"}
{"amount": 0.00460288, "date": 1667647621, "price": 108629.68995, "tid": 14363509, "type": "buy"}
{"amount": 0.0161006, "date": 1667647780, "price": 108588.99999999, "tid": 14363510, "type": "sell"}
{"amount": 0.02167, "date": 1667647859, "price": 108589, "tid": 14363511, "type": "buy"}
{"amount": 9.21e-05, "date": 1667647907, "price": 108592.49911163, "tid": 14363512, "type": "sell"}
{"amount": 0.01239394, "date": 1667647925, "price": 108629.68999999, "tid": 14363513, "type": "buy"}
{"amount": 0.01306, "date": 1667647941, "price": 108589.00009, "tid": 14363514, "type": "sell"}
{"amount": 0.02476, "date": 1667648046, "price": 108603.51610256, "tid": 14363515, "type": "buy"}
{"amount": 0.01847041, "date": 1667648046, "price": 108604.86403452, "tid": 14363516, "type": "buy"}
{"amount": 0.00010764, "date": 1667648071, "price": 108500.29203764, "tid": 14363517, "type": "sell"}
{"amount": 0.00019746, "date": 1667648090, "price": 108500.00000001, "tid": 14363518, "type": "sell"}
{"amount": 0.00046045, "date": 1667648105, "price": 108587.72075476, "tid": 14363519, "type": "buy"}
{"amount": 0.00101087, "date": 1667648147, "price": 108500, "tid": 14363520, "type": "sell"}
{"amount": 0.0135, "date": 1667648147, "price": 108493.78563448, "tid": 14363521, "type": "sell"}
{"amount": 0.01572731, "date": 1667648147, "price": 108484.11715, "tid": 14363522, "type": "sell"}
{"amount": 0.02377, "date": 1667648147, "price": 108473.02640646, "tid": 14363523, "type": "sell"}
{"amount": 0.01928922, "date": 1667648147, "price": 108471.58232, "tid": 14363524, "type": "sell"}
{"amount": 9.209e-05, "date": 1667648205, "price": 108579.74070498, "tid": 14363525, "type": "buy"}
{"amount": 8.961e-05, "date": 1667648216, "price": 108496.16143832, "tid": 14363526, "type": "sell"}
{"amount": 4.604e-05, "date": 1667648363, "price": 108589.773506, "tid": 14363527, "type": "buy"}
{"amount": 0.00235386, "date": 1667648379, "price": 108520.83348728, "tid": 14363528, "type": "sell"}
{"amount": 1.316e-05, "date": 1667648405, "price": 108588.63032319, "tid": 14363529, "type": "buy"}
{"amount": 5e-05, "date": 1667648406, "price": 108505.34613, "tid": 14363530, "type": "sell"}
{"amount": 0.0004369, "date": 1667648421, "price": 108505.34613, "tid": 14363531, "type": "sell"}
{"amount": 0.00046046, "date": 1667648430, "price": 108585.74895997, "tid": 14363532, "type": "buy"}
{"amount": 2.002e-05, "date": 1667648505, "price": 108588.50332365, "tid": 14363533, "type": "sell"}
{"amount": 0.00046027, "date": 1667648569, "price": 108629.69, "tid": 14363534, "type": "buy"}
{"amount": 0.00047902, "date": 1667648572, "price": 108629.68999999, "tid": 14363535, "type": "sell"}
{"amount": 0.0002209, "date": 1667648588, "price": 108629.68999999, "tid": 14363536, "type": "sell"}
{"amount": 0.05003, "date": 1667648604, "price": 108629.69, "tid": 14363537, "type": "buy"}
{"amount": 0.07321141, "date": 1667648609, "price": 108629.69, "tid": 14363538, "type": "buy"}
{"amount": 0.1500366, "date": 1667648622, "price": 108629.69, "tid": 14363539, "type": "buy"}
{"amount": 0.15007501, "date": 1667648632, "price": 108629.69, "tid": 14363540, "type": "buy"}
{"amount": 0.15007503, "date": 1667648652, "price": 108629.69, "tid": 14363541, "type": "buy"}
{"amount": 0.03890115, "date": 1667648687, "price": 108629.69, "tid": 14363542, "type": "buy"}
{"amount": 0.00426116, "date": 1667648719, "price": 108629.69, "tid": 14363543, "type": "buy"}
{"amount": 0.0100247, "date": 1667648744, "price": 108629.69, "tid": 14363544, "type": "buy"}
{"amount": 0.00975321, "date": 1667648775, "price": 108629.69, "tid": 14363545, "type": "buy"}
{"amount": 0.00184111, "date": 1667648782, "price": 108629.69, "tid": 14363546, "type": "buy"}
{"amount": 0.06973544, "date": 1667648786, "price": 108629.69, "tid": 14363547, "type": "buy"}
{"amount": 0.00046027, "date": 1667648789, "price": 108629.69, "tid": 14363548, "type": "buy"}
{"amount": 0.00057074, "date": 1667648797, "price": 108629.69, "tid": 14363549, "type": "buy"}
{"amount": 0.0816116, "date": 1667648797, "price": 108629.69, "tid": 14363550, "type": "buy"}
{"amount": 0.00103535, "date": 1667648797, "price": 108630, "tid": 14363551, "type": "buy"}
{"amount": 0.0018481, "date": 1667648828, "price": 108630, "tid": 14363552, "type": "buy"}
{"amount": 0.01058609, "date": 1667648843, "price": 108630, "tid": 14363553, "type": "buy"}
{"amount": 0.00027598, "date": 1667648953, "price": 108701.58953623, "tid": 14363554, "type": "buy"}
{"amount": 9.199e-05, "date": 1667648990, "price": 108700.52258185, "tid": 14363555, "type": "buy"}
{"amount": 2.675e-05, "date": 1667649085, "price": 108748.53999894, "tid": 14363556, "type": "buy"}
{"amount": 0.0077593, "date": 1667649161, "price": 108550.68928438, "tid": 14363557, "type": "sell"}
{"amount": 0.00045089, "date": 1667649194, "price": 108683.64602993, "tid": 14363558, "type": "buy"}
{"amount": 0.00011041, "date": 1667649295, "price": 108676.48199676, "tid": 14363559, "type": "buy"}
{"amount": 1.84e-05, "date": 1667649306, "price": 108687.37240425, "tid": 14363560, "type": "buy"}
{"amount": 1.84e-05, "date": 1667649332, "price": 108692.04988, "tid": 14363561, "type": "buy"}
{"amount": 0.00092008, "date": 1667649412, "price": 108685.66669967, "tid": 14363562, "type": "buy"}
{"amount": 0.016, "date": 1667649421, "price": 108598.72452429, "tid": 14363563, "type": "sell"}
{"amount": 0.00276062, "date": 1667649480, "price": 108671.12096331, "tid": 14363564, "type": "buy"}
{"amount": 0.00181403, "date": 1667649491, "price": 108598.25853, "tid": 14363565, "type": "sell"}
{"amount": 2.365e-05, "date": 1667649523, "price": 108644.80929517, "tid": 14363566, "type": "buy"}
{"amount": 0.0002209, "date": 1667649554, "price": 108560.97644381, "tid": 14363567, "type": "sell"}
{"amount": 1e-05, "date": 1667649604, "price": 108643.10398876, "tid": 14363568, "type": "sell"}
{"amount": 0.04075096, "date": 1667649675, "price": 108690, "tid": 14363569, "type": "buy"}
{"amount": 0.00884227, "date": 1667649687, "price": 108690, "tid": 14363570, "type": "buy"}
{"amount": 1e-05, "date": 1667649687, "price": 108690, "tid": 14363571, "type": "buy"}
{"amount": 1e-05, "date": 1667649697, "price": 108700, "tid": 14363572, "type": "buy"}
{"amount": 0.01771544, "date": 1667649709, "price": 108800, "tid": 14363573, "type": "buy"}
{"amount": 0.0158154, "date": 1667649795, "price": 108706.63130405, "tid": 14363574, "type": "sell"}
{"amount": 0.00010631, "date": 1667649805, "price": 108691.6552, "tid": 14363575, "type": "sell"}
{"amount": 3.217e-05, "date": 1667649964, "price": 108766.27355629, "tid": 14363576, "type": "buy"}
{"amount": 0.00049612, "date": 1667649987, "price": 108645.50512, "tid": 14363577, "type": "sell"}
{"amount": 0.00092084, "date": 1667649994, "price": 108758.32413672, "tid": 14363578, "type": "buy"}
{"amount": 0.00059094, "date": 1667650011, "price": 108661.40610882, "tid": 14363579, "type": "sell"}
{"amount": 0.0134, "date": 1667650121, "price": 108692.93041208, "tid": 14363580, "type": "buy"}
{"amount": 0.01593042, "date": 1667650121, "price": 108692.93041209, "tid": 14363581, "type": "buy"}
{"amount": 0.01104692, "date": 1667650328, "price": 108628.39923014, "tid": 14363582, "type": "buy"}
{"amount": 0.0023014, "date": 1667650523, "price": 108629.35476014, "tid": 14363583, "type": "buy"}
{"amount": 0.0001105, "date": 1667650539, "price": 108524.76707898, "tid": 14363584, "type": "sell"}
{"amount": 9.21e-05, "date": 1667650572, "price": 108599.21784001, "tid": 14363585, "type": "sell"}
{"amount": 0.00184062, "date": 1667650624, "price": 108658.84877278, "tid": 14363586, "type": "buy"}
{"amount": 0.00046478, "date": 1667650729, "price": 108610.41316277, "tid": 14363587, "type": "buy"}
{"amount": 0.0012228, "date": 1667650735, "price": 108548.00005, "tid": 14363588, "type": "sell"}
{"amount": 0.00101703, "date": 1667650801, "price": 108590.15419235, "tid": 14363589, "type": "buy"}
{"amount": 0.00788595, "date": 1667650863, "price": 108503.03800001, "tid": 14363590, "type": "sell"}
{"amount": 0.0147, "date": 1667650873, "price": 108562.26568681, "tid": 14363591, "type": "buy"}
{"amount": 0.00166154, "date": 1667650873, "price": 108570.28209773, "tid": 14363592, "type": "buy"}
{"amount": 0.00645041, "date": 1667650883, "price": 108558.89255985, "tid": 14363593, "type": "buy"}
{"amount": 0.001, "date": 1667651109, "price": 108443.18080833, "tid": 14363594, "type": "sell"}
{"amount": 0.00042783, "date": 1667651146, "price": 108569.32674595, "tid": 14363595, "type": "buy"}
{"amount": 0.0004673, "date": 1667651169, "price": 108461.5503015, "tid": 14363596, "type": "sell"}
{"amount": 0.00659892, "date": 1667651243, "price": 108452.36147327, "tid": 14363597, "type": "sell"}
{"amount": 0.0090298, "date": 1667651258, "price": 108384.57072969, "tid": 14363598, "type": "sell"}
{"amount": 2.305e-05, "date": 1667651364, "price": 108417.46121334, "tid": 14363599, "type": "buy"}
{"amount": 0.00072146, "date": 1667651389, "price": 108376.7, "tid": 14363600, "type": "sell"}
{"amount": 0.0149, "date": 1667651389, "price": 108307.08000001, "tid": 14363601, "type": "sell"}
{"amount": 0.00048324, "date": 1667651389, "price": 108307.08, "tid": 14363602, "type": "sell"}
{"amount": 0.16620498, "date": 1667651389, "price": 108300, "tid": 14363603, "type": "sell"}
{"amount": 0.01769032, "date": 1667651389, "price": 108291.19999782, "tid": 14363604, "type": "sell"}
{"amount": 0.0006457, "date": 1667651534, "price": 108248.23432, "tid": 14363605, "type": "sell"}
{"amount": 0.02122, "date": 1667651581, "price": 108226.74376754, "tid": 14363606, "type": "sell"}
{"amount": 0.0219, "date": 1667651581, "price": 108225.75619522, "tid": 14363607, "type": "sell"}
{"amount": 0.02122, "date": 1667651581, "price": 108225.59781098, "tid": 14363608, "type": "sell"}
{"amount": 0.0029658, "date": 1667651581, "price": 108224.49377966, "tid": 14363609, "type": "sell"}
{"amount": 0.00014425, "date": 1667651719, "price": 108124.90556732, "tid": 14363610, "type": "sell"}
{"amount": 0.0004619, "date": 1667651802, "price": 108248.25631293, "tid": 14363611, "type": "buy"}
{"amount": 0.0003694, "date": 1667651823, "price": 108281.97404675, "tid": 14363612, "type": "buy"}
{"amount": 0.006566, "date": 1667652016, "price": 108167.46111482, "tid": 14363613, "type": "sell"}
{"amount": 0.00613568, "date": 1667652138, "price": 108230.61740095, "tid": 14363614, "type": "sell"}
{"amount": 0.0035192, "date": 1667652200, "price": 108239.32222989, "tid": 14363615, "type": "sell"}
{"amount": 7.46e-05, "date": 1667652208, "price": 108240.97361851, "tid": 14363616, "type": "sell"}
{"amount": 3.463e-05, "date": 1667652303, "price": 108308.36, "tid": 14363617, "type": "buy"}
{"amount": 0.00042701, "date": 1667652303, "price": 108308.37, "tid": 14363618, "type": "buy"}
{"amount": 0.00087712, "date": 1667652414, "price": 108308.36999999, "tid": 14363619, "type": "buy"}
{"amount": 0.00923289, "date": 1667652431, "price": 108308.36999999, "tid": 14363620, "type": "buy"}
{"amount": 4.616e-05, "date": 1667652480, "price": 108308.37, "tid": 14363621, "type": "buy"}
{"amount": 0.0058763, "date": 1667652484, "price": 108259.50743663, "tid": 14363622, "type": "sell"}
{"amount": 4.584e-05, "date": 1667652505, "price": 108264.12620057, "tid": 14363623, "type": "sell"}
{"amount": 0.00045902, "date": 1667652511, "price": 108308.37, "tid": 14363624, "type": "buy"}
{"amount": 0.00738497, "date": 1667652511, "price": 108366.59424588, "tid": 14363625, "type": "buy"}
{"amount": 0.00891329, "date": 1667652591, "price": 108328.95840277, "tid": 14363626, "type": "sell"}
{"amount": 0.00280808, "date": 1667652606, "price": 108323.2053, "tid": 14363627, "type": "sell"}
{"amount": 0.0001666, "date": 1667652630, "price": 108327.1206, "tid": 14363628, "type": "sell"}
{"amount": 0.00015757, "date": 1667652666, "price": 108394.07, "tid": 14363629, "type": "buy"}
{"amount": 0.00023497, "date": 1667652686, "price": 108394.07, "tid": 14363630, "type": "buy"}
{"amount": 9.22e-06, "date": 1667652701, "price": 108394.07, "tid": 14363631, "type": "buy"}
{"amount": 4.612e-05, "date": 1667652733, "price": 108394.07, "tid": 14363632, "type": "buy"}
{"amount": 0.0119933, "date": 1667652750, "price": 108363.07587, "tid": 14363633, "type": "sell"}
{"amount": 0.00461411, "date": 1667652804, "price": 108363.07586, "tid": 14363634, "type": "buy"}
{"amount": 0.0008084, "date": 1667652861, "price": 108271.61015001, "tid": 14363635, "type": "sell"}
{"amount": 0.00161712, "date": 1667653026, "price": 108319.55771587, "tid": 14363636, "type": "buy"}
{"amount": 0.00044037, "date": 1667653106, "price": 108271.6, "tid": 14363637, "type": "sell"}
{"amount": 0.00050453, "date": 1667653106, "price": 108250.66928702, "tid": 14363638, "type": "sell"}
{"amount": 0.00216842, "date": 1667653111, "price": 108288.64410093, "tid": 14363639, "type": "buy"}
{"amount": 0.0002395, "date": 1667653340, "price": 108176.58940192, "tid": 14363640, "type": "sell"}
{"amount": 0.0001849, "date": 1667653400, "price": 108180.91071409, "tid": 14363641, "type": "sell"}
{"amount": 0.00060028, "date": 1667653416, "price": 108281.71372178, "tid": 14363642, "type": "buy"}
{"amount": 0.0006646, "date": 1667653425, "price": 108197.25139174, "tid": 14363643, "type": "sell"}
{"amount": 0.01982177, "date": 1667653587, "price": 108353.22922727, "tid": 14363644, "type": "buy"}
{"amount": 0.00017822, "date": 1667653639, "price": 108346.09815503, "tid": 14363645, "type": "buy"}
{"amount": 0.00091384, "date": 1667653647, "price": 108344.66247342, "tid": 14363646, "type": "buy"}
{"amount": 0.00040194, "date": 1667653869, "price": 108373.76797095, "tid": 14363647, "type": "buy"}
{"amount": 0.00046137, "date": 1667653875, "price": 108372.42491396, "tid": 14363648, "type": "buy"}
{"amount": 0.0005, "date": 1667653926, "price": 108280.90721879, "tid": 14363649, "type": "sell"}
{"amount": 2.259e-05, "date": 1667653943, "price": 108374.82685926, "tid": 14363650, "type": "buy"}
{"amount": 0.00043902, "date": 1667654014, "price": 108394.07, "tid": 14363651, "type": "buy"}
{"amount": 0.03271, "date": 1667654014, "price": 108398.5729036, "tid": 14363652, "type": "buy"}
{"amount": 0.00836435, "date": 1667654014, "price": 108399.95008545, "tid": 14363653, "type": "buy"}
{"amount": 0.00230578, "date": 1667654208, "price": 108423.06819138, "tid": 14363654, "type": "buy"}
{"amount": 0.00105146, "date": 1667654276, "price": 108392.05245659, "tid": 14363655, "type": "buy"}
{"amount": 0.0003123, "date": 1667654470, "price": 108287.11005001, "tid": 14363656, "type": "sell"}
{"amount": 0.0010158, "date": 1667654511, "price": 108283.3871165, "tid": 14363657, "type": "sell"}
{"amount": 0.0004695, "date": 1667654614, "price": 108283.38, "tid": 14363658, "type": "sell"}
{"amount": 0.09188077, "date": 1667654656, "price": 108283.38, "tid": 14363659, "type": "sell"}
{"amount": 0.08765719, "date": 1667654656, "price": 108167.76929, "tid": 14363660, "type": "sell"}
{"amount": 0.01258603, "date": 1667654656, "price": 108167.76928, "tid": 14363661, "type": "sell"}
{"amount": 0.0187, "date": 1667654656, "price": 108127.20898607, "tid": 14363662, "type": "sell"}
{"amount": 0.01889, "date": 1667654656, "price": 108126.13989245, "tid": 14363663, "type": "sell"}
{"amount": 0.01909, "date": 1667654656, "price": 108123.54052757, "tid": 14363664, "type": "sell"}
{"amount": 0.02291, "date": 1667654656, "price": 108103.40781544, "tid": 14363665, "type": "sell"}
{"amount": 0.02173, "date": 1667654656, "price": 108102.2129461, "tid": 14363666, "type": "sell"}
{"amount": 0.05335181, "date": 1667654656, "price": 108076, "tid": 14363667, "type": "sell"}
{"amount": 3.321e-05, "date": 1667654725, "price": 108077.86575001, "tid": 14363668, "type": "sell"}
{"amount": 0.00528851, "date": 1667654756, "price": 108140.97304345, "tid": 14363669, "type": "buy"}
{"amount": 2.244e-05, "date": 1667654780, "price": 108032.73604583, "tid": 14363670, "type": "sell"}
{"amount": 0.00555098, "date": 1667654955, "price": 108088.87949892, "tid": 14363671, "type": "buy"}
{"amount": 0.00019765, "date": 1667654971, "price": 108065.65123558, "tid": 14363672, "type": "buy"}
{"amount": 0.0004018, "date": 1667654979, "price": 108027.66030001, "tid": 14363673, "type": "sell"}
{"amount": 0.03251, "date": 1667654981, "price": 108054.69446907, "tid": 14363674, "type": "buy"}
{"amount": 2.34e-05, "date": 1667654981, "price": 108055.26484173, "tid": 14363675, "type": "buy"}
{"amount": 1.85e-05, "date": 1667655013, "price": 108073.10590346, "tid": 14363676, "type": "buy"}
{"amount": 0.00023137, "date": 1667655028, "price": 108050, "tid": 14363677, "type": "buy"}
{"amount": 0.08370543, "date": 1667655030, "price": 108050, "tid": 14363678, "type": "buy"}
{"amount": 0.06635268, "date": 1667655037, "price": 108050, "tid": 14363679, "type": "buy"}
{"amount": 0.07753337, "date": 1667655055, "price": 108050, "tid": 14363680, "type": "buy"}
{"amount": 0.05003876, "date": 1667655063, "price": 108050, "tid": 14363681, "type": "buy"}
{"amount": 0.0254203, "date": 1667655188, "price": 108050, "tid": 14363682, "type": "buy"}
{"amount": 0.00731064, "date": 1667655218, "price": 108050, "tid": 14363683, "type": "buy"}
{"amount": 0.0009377, "date": 1667655231, "price": 108049.99999999, "tid": 14363684, "type": "sell"}
{"amount": 0.08823232, "date": 1667655242, "price": 108050, "tid": 14363685, "type": "buy"}
{"amount": 0.00215966, "date": 1667655260, "price": 108104.03005, "tid": 14363686, "type": "sell"}
{"amount": 0.00184916, "date": 1667655324, "price": 108157.01472594, "tid": 14363687, "type": "buy"}
{"amount": 0.00033014, "date": 1667655350, "price": 108104.03005001, "tid": 14363688, "type": "buy"}
{"amount": 0.00139467, "date": 1667655423, "price": 108124.12365532, "tid": 14363689, "type": "buy"}
{"amount": 0.0001359, "date": 1667655467, "price": 108087.84889832, "tid": 14363690, "type": "buy"}
{"amount": 0.00034585, "date": 1667655498, "price": 108027.6401, "tid": 14363691, "type": "sell"}
{"amount": 4.558e-05, "date": 1667655499, "price": 108027.6401, "tid": 14363692, "type": "sell"}
{"amount": 4.073e-05, "date": 1667655506, "price": 108027.6401, "tid": 14363693, "type": "sell"}
{"amount": 4.624e-05, "date": 1667655511, "price": 108110.56945054, "tid": 14363694, "type": "buy"}
{"amount": 0.00347459, "date": 1667655553, "price": 108127.65009854, "tid": 14363695, "type": "buy"}
{"amount": 0.0018922, "date": 1667655661, "price": 108020.75557925, "tid": 14363696, "type": "sell"}
{"amount": 1.849e-05, "date": 1667655685, "price": 108139.98398349, "tid": 14363697, "type": "buy"}
{"amount": 0.0012698, "date": 1667655733, "price": 108126.48776349, "tid": 14363698, "type": "buy"}
{"amount": 0.0002266, "date": 1667655734, "price": 108126.48776349, "tid": 14363699, "type": "buy"}
{"amount": 0.0005439, "date": 1667655787, "price": 108117.42205228, "tid": 14363700, "type": "buy"}
{"amount": 0.01057481, "date": 1667655866, "price": 108077.75385588, "tid": 14363701, "type": "buy"}
{"amount": 0.0045708, "date": 1667655889, "price": 107992.49636, "tid": 14363702, "type": "sell"}
{"amount": 0.02034737, "date": 1667655903, "price": 108076.12743356, "tid": 14363703, "type": "buy"}
{"amount": 3.91e-05, "date": 1667655929, "price": 108169.6515582, "tid": 14363704, "type": "buy"}
{"amount": 0.02, "date": 1667655994, "price": 108049.63150001, "tid": 14363705, "type": "sell"}
{"amount": 0.05, "date": 1667655994, "price": 108049.6315, "tid": 14363706, "type": "sell"}
{"amount": 0.01691, "date": 1667655994, "price": 108049.62146812, "tid": 14363707, "type": "sell"}
{"amount": 0.01746, "date": 1667655994, "price": 108048.60361646, "tid": 14363708, "type": "sell"}
{"amount": 0.01746, "date": 1667655994, "price": 108047.3179091, "tid": 14363709, "type": "sell"}
{"amount": 0.00499644, "date": 1667655994, "price": 108035.56845, "tid": 14363710, "type": "sell"}
{"amount": 0.01878453, "date": 1667655994, "price": 108020.25018409, "tid": 14363711, "type": "sell"}
{"amount": 9.24e-06, "date": 1667656050, "price": 108121.3304768, "tid": 14363712, "type": "buy"}
{"amount": 0.0013487, "date": 1667656079, "price": 108111.16610632, "tid": 14363713, "type": "buy"}
{"amount": 0.03309, "date": 1667656112, "price": 108108.30205557, "tid": 14363714, "type": "buy"}
{"amount": 0.00146045, "date": 1667656112, "price": 108109.94736132, "tid": 14363715, "type": "buy"}
{"amount": 9.24e-06, "date": 1667656184, "price": 108133.81619963, "tid": 14363716, "type": "buy"}
{"amount": 0.0046221, "date": 1667656215, "price": 108175.70742999, "tid": 14363717, "type": "buy"}
{"amount": 0.0012609, "date": 1667656258, "price": 108071.83435001, "tid": 14363718, "type": "sell"}
{"amount": 0.00936664, "date": 1667656328, "price": 108073.52025, "tid": 14363719, "type": "sell"}
{"amount": 0.00518159, "date": 1667656328, "price": 108073.5202, "tid": 14363720, "type": "sell"}
{"amount": 0.00125076, "date": 1667656419, "price": 108181.63459098, "tid": 14363721, "type": "buy"}
{"amount": 0.0003235, "date": 1667656449, "price": 108191.42058999, "tid": 14363722, "type": "buy"}
{"amount": 0.00190585, "date": 1667656466, "price": 108088.632893, "tid": 14363723, "type": "sell"}
{"amount": 0.00012312, "date": 1667656474, "price": 108185.51578915, "tid": 14363724, "type": "buy"}
{"amount": 0.00092434, "date": 1667656478, "price": 108184.39941874, "tid": 14363725, "type": "buy"}
{"amount": 0.0002116, "date": 1667656574, "price": 108096.90842666, "tid": 14363726, "type": "sell"}
{"amount": 1.87e-05, "date": 1667656601, "price": 108085.6056, "tid": 14363727, "type": "sell"}
{"amount": 0.0055512, "date": 1667656691, "price": 108071.83000001, "tid": 14363728, "type": "sell"}
{"amount": 7.6e-05, "date": 1667656752, "price": 108156.61329512, "tid": 14363729, "type": "buy"}
{"amount": 0.00017078, "date": 1667656837, "price": 108145.44934087, "tid": 14363730, "type": "buy"}
{"amount": 0.00022451, "date": 1667656842, "price": 108145.44934087, "tid": 14363731, "type": "buy"}
{"amount": 4.305e-05, "date": 1667656868, "price": 108071.8501, "tid": 14363732, "type": "sell"}
{"amount": 0.0015851, "date": 1667656957, "price": 108126.20869061, "tid": 14363733, "type": "sell"}
{"amount": 0.0131, "date": 1667656960, "price": 108165.79885248, "tid": 14363734, "type": "sell"}
{"amount": 0.0158, "date": 1667656960, "price": 108165.79885247, "tid": 14363735, "type": "sell"}
{"amount": 0.0163, "date": 1667656960, "price": 108165.79885247, "tid": 14363736, "type": "sell"}
{"amount": 0.00559912, "date": 1667656960, "price": 108137.58517642, "tid": 14363737, "type": "sell"}
{"amount": 9.236e-05, "date": 1667656966, "price": 108263.42251936, "tid": 14363738, "type": "buy"}
{"amount": 0.00046547, "date": 1667657024, "price": 108298.22862999, "tid": 14363739, "type": "buy"}
{"amount": 0.00286246, "date": 1667657028, "price": 108298.22862999, "tid": 14363740, "type": "buy"}
{"amount": 0.00184675, "date": 1667657050, "price": 108298.22862999, "tid": 14363741, "type": "buy"}
{"amount": 0.00743281, "date": 1667657076, "price": 108296.8000108, "tid": 14363742, "type": "buy"}
{"amount": 4.613e-05, "date": 1667657088, "price": 108194.96370001, "tid": 14363743, "type": "sell"}
{"amount": 0.0059701, "date": 1667657089, "price": 108278.66402423, "tid": 14363744, "type": "buy"}
{"amount": 0.02929064, "date": 1667657136, "price": 108285.08481934, "tid": 14363745, "type": "buy"}
{"amount": 0.00017136, "date": 1667657171, "price": 108206.11815471, "tid": 14363746, "type": "sell"}
{"amount": 0.01, "date": 1667657172, "price": 108206.11815471, "tid": 14363747, "type": "sell"}
{"amount": 0.00092357, "date": 1667657236, "price": 108274.930715, "tid": 14363748, "type": "buy"}
{"amount": 0.03133, "date": 1667657279, "price": 108273.71818861, "tid": 14363749, "type": "buy"}
{"amount": 0.03238, "date": 1667657279, "price": 108283.95914373, "tid": 14363750, "type": "buy"}
{"amount": 0.01032934, "date": 1667657279, "price": 108285.52887999, "tid": 14363751, "type": "buy"}
{"amount": 0.0034587, "date": 1667657300, "price": 108315.0308844, "tid": 14363752, "type": "buy"}
{"amount": 1.817e-05, "date": 1667657333, "price": 108383.369848, "tid": 14363753, "type": "buy"}
{"amount": 4.823e-05, "date": 1667657342, "price": 108270.85317439, "tid": 14363754, "type": "sell"}
{"amount": 4.724e-05, "date": 1667657649, "price": 108392.05, "tid": 14363755, "type": "buy"}
{"amount": 0.00168078, "date": 1667657649, "price": 108401.55987558, "tid": 14363756, "type": "buy"}
{"amount": 0.0005, "date": 1667657676, "price": 108270.85322, "tid": 14363757, "type": "sell"}
{"amount": 0.01000908, "date": 1667657722, "price": 108270.85322, "tid": 14363758, "type": "sell"}
{"amount": 0.01823, "date": 1667657722, "price": 108253.48961727, "tid": 14363759, "type": "sell"}
{"amount": 0.00146092, "date": 1667657722, "price": 108252.32735645, "tid": 14363760, "type": "sell"}
{"amount": 6.111e-05, "date": 1667657774, "price": 108327.45345014, "tid": 14363761, "type": "buy"}
{"amount": 4.32e-05, "date": 1667657805, "price": 108192.44900001, "tid": 14363762, "type": "sell"}
{"amount": 9.71e-06, "date": 1667657910, "price": 108252.32, "tid": 14363763, "type": "buy"}
{"amount": 5.52e-06, "date": 1667657910, "price": 108316.29517994, "tid": 14363764, "type": "buy"}
{"amount": 0.000914, "date": 1667657950, "price": 108325.93614588, "tid": 14363765, "type": "buy"}
{"amount": 0.0005291, "date": 1667657954, "price": 108220.03952095, "tid": 14363766, "type": "sell"}
{"amount": 7.59e-05, "date": 1667658052, "price": 108152.47650001, "tid": 14363767, "type": "sell"}
{"amount": 0.00021029, "date": 1667658115, "price": 108277.18371504, "tid": 14363768, "type": "buy"}
{"amount": 0.0083216, "date": 1667658307, "price": 108152.18651, "tid": 14363769, "type": "buy"}
{"amount": 0.00138693, "date": 1667658341, "price": 108152.18651, "tid": 14363770, "type": "buy"}
{"amount": 0.00092423, "date": 1667658446, "price": 108197.72109404, "tid": 14363771, "type": "buy"}
{"amount": 0.0187, "date": 1667658544, "price": 108144.73021805, "tid": 14363772, "type": "sell"}
{"amount": 0.01781, "date": 1667658544, "price": 108139.31164814, "tid": 14363773, "type": "sell"}
{"amount": 0.01818, "date": 1667658544, "price": 108138.89006656, "tid": 14363774, "type": "sell"}
{"amount": 0.05, "date": 1667658544, "price": 108137.7122, "tid": 14363775, "type": "sell"}
{"amount": 0.01762, "date": 1667658544, "price": 108137.45762086, "tid": 14363776, "type": "sell"}
{"amount": 0.02048, "date": 1667658544, "price": 108121.29021255, "tid": 14363777, "type": "sell"}
{"amount": 0.02004, "date": 1667658544, "price": 108120.02779699, "tid": 14363778, "type": "sell"}
{"amount": 0.00697, "date": 1667658544, "price": 108082.9059727, "tid": 14363779, "type": "sell"}
{"amount": 0.01109414, "date": 1667658568, "price": 108165.13639689, "tid": 14363780, "type": "buy"}
{"amount": 4.99e-05, "date": 1667658592, "price": 108055.5999, "tid": 14363781, "type": "sell"}
{"amount": 0.00027723, "date": 1667658607, "price": 108051.17681165, "tid": 14363782, "type": "sell"}
{"amount": 0.00046226, "date": 1667658616, "price": 108163.58026999, "tid": 14363783, "type": "buy"}
{"amount": 0.01, "date": 1667658689, "price": 108096.45149586, "tid": 14363784, "type": "sell"}
{"amount": 0.00323588, "date": 1667658751, "price": 108162.09677999, "tid": 14363785, "type": "buy"}
{"amount": 9.19e-05, "date": 1667658889, "price": 108007.45565001, "tid": 14363786, "type": "sell"}
{"amount": 0.0001878, "date": 1667658895, "price": 108007.46570001, "tid": 14363787, "type": "sell"}
{"amount": 1.739e-05, "date": 1667658900, "price": 108107.07335644, "tid": 14363788, "type": "buy"}
{"amount": 0.0004624, "date": 1667658997, "price": 108130.73066999, "tid": 14363789, "type": "buy"}
{"amount": 0.0133376, "date": 1667659007, "price": 108130.73066999, "tid": 14363790, "type": "buy"}
{"amount": 0.0004624, "date": 1667659007, "price": 108139.57167094, "tid": 14363791, "type": "buy"}
{"amount": 2.515e-05, "date": 1667659040, "price": 108130.23074507, "tid": 14363792, "type": "buy"}
{"amount": 0.00248274, "date": 1667659046, "price": 108047.2024, "tid": 14363793, "type": "sell"}
{"amount": 2e-05, "date": 1667659098, "price": 108007.4657, "tid": 14363794, "type": "sell"}
{"amount": 0.00629133, "date": 1667659103, "price": 108085.17758605, "tid": 14363795, "type": "buy"}
{"amount": 0.00046026, "date": 1667659111, "price": 108007.45565, "tid": 14363796, "type": "sell"}
{"amount": 0.03516053, "date": 1667659130, "price": 108080.44316, "tid": 14363797, "type": "buy"}
{"amount": 0.00174, "date": 1667659192, "price": 108007.45565, "tid": 14363798, "type": "sell"}
{"amount": 4.774e-05, "date": 1667659227, "price": 108075.47926574, "tid": 14363799, "type": "buy"}
{"amount": 0.00104124, "date": 1667659276, "price": 108044.24752527, "tid": 14363800, "type": "buy"}
{"amount": 9.56e-05, "date": 1667659287, "price": 108007.4657, "tid": 14363801, "type": "sell"}
{"amount": 0.00527935, "date": 1667659350, "price": 107908.00005, "tid": 14363802, "type": "sell"}
{"amount": 3.586e-05, "date": 1667659409, "price": 107908, "tid": 14363803, "type": "buy"}
{"amount": 0.00047595, "date": 1667659418, "price": 107813.04015, "tid": 14363804, "type": "sell"}
{"amount": 0.00037404, "date": 1667659467, "price": 107848.32674111, "tid": 14363805, "type": "buy"}
{"amount": 0.00119192, "date": 1667659503, "price": 107846.77658118, "tid": 14363806, "type": "buy"}
{"amount": 0.00380259, "date": 1667659531, "price": 107825.45053368, "tid": 14363807, "type": "buy"}
{"amount": 0.01046851, "date": 1667659543, "price": 107820.9606771, "tid": 14363808, "type": "buy"}
{"amount": 1.196e-05, "date": 1667659556, "price": 107803.83784203, "tid": 14363809, "type": "buy"}
{"amount": 0.00483822, "date": 1667659563, "price": 107799.44167384, "tid": 14363810, "type": "buy"}
{"amount": 0.0008471, "date": 1667659598, "price": 107760.00005, "tid": 14363811, "type": "sell"}
{"amount": 0.00138721, "date": 1667659612, "price": 107826.53545997, "tid": 14363812, "type": "buy"}
{"amount": 0.01947252, "date": 1667659621, "price": 107844.26327895, "tid": 14363813, "type": "buy"}
{"amount": 0.00639825, "date": 1667659648, "price": 107777.41502124, "tid": 14363814, "type": "sell"}
{"amount": 9.99e-05, "date": 1667659659, "price": 107799.44167384, "tid": 14363815, "type": "sell"}
{"amount": 0.00101992, "date": 1667659667, "price": 107799.45170001, "tid": 14363816, "type": "sell"}
{"amount": 4.955e-05, "date": 1667659696, "price": 107953.75291761, "tid": 14363817, "type": "buy"}
{"amount": 2.473e-05, "date": 1667659703, "price": 107951.42267717, "tid": 14363818, "type": "buy"}
{"amount": 2.473e-05, "date": 1667659711, "price": 107949.53361, "tid": 14363819, "type": "buy"}
{"amount": 0.0018588, "date": 1667659728, "price": 107868.90868001, "tid": 14363820, "type": "sell"}
{"amount": 6.16e-05, "date": 1667659774, "price": 107875.9431, "tid": 14363821, "type": "sell"}
{"amount": 0.01420633, "date": 1667659835, "price": 107870.86381001, "tid": 14363822, "type": "sell"}
{"amount": 0.00045382, "date": 1667659843, "price": 107981.67504999, "tid": 14363823, "type": "buy"}
{"amount": 0.00092609, "date": 1667659846, "price": 107980.03219577, "tid": 14363824, "type": "buy"}
{"amount": 0.00102129, "date": 1667659847, "price": 107980.03219577, "tid": 14363825, "type": "buy"}
{"amount": 0.00541591, "date": 1667659860, "price": 107970.70796096, "tid": 14363826, "type": "buy"}
{"amount": 9.076e-05, "date": 1667659868, "price": 107857.59892531, "tid": 14363827, "type": "sell"}
{"amount": 0.00013804, "date": 1667659921, "price": 107934.49570015, "tid": 14363828, "type": "buy"}
{"amount": 0.00010117, "date": 1667659941, "price": 107927.00769997, "tid": 14363829, "type": "buy"}
{"amount": 5.09e-05, "date": 1667659981, "price": 107861.78124466, "tid": 14363830, "type": "sell"}
{"amount": 0.0017673, "date": 1667660109, "price": 107971.73335001, "tid": 14363831, "type": "sell"}
{"amount": 0.0005425, "date": 1667660138, "price": 107999, "tid": 14363832, "type": "buy"}
{"amount": 0.00018814, "date": 1667660172, "price": 107999, "tid": 14363833, "type": "buy"}
{"amount": 0.00243185, "date": 1667660252, "price": 107977.41164368, "tid": 14363834, "type": "sell"}
{"amount": 5.614e-05, "date": 1667660266, "price": 107999, "tid": 14363835, "type": "buy"}
{"amount": 0.04862193, "date": 1667660331, "price": 107999, "tid": 14363836, "type": "buy"}
{"amount": 5.079e-05, "date": 1667660362, "price": 107996.47977068, "tid": 14363837, "type": "sell"}
{"amount": 0.00104282, "date": 1667660389, "price": 107992.86023823, "tid": 14363838, "type": "sell"}
{"amount": 9.259e-05, "date": 1667660395, "price": 107999, "tid": 14363839, "type": "buy"}
{"amount": 9.25e-06, "date": 1667660522, "price": 107999, "tid": 14363840, "type": "buy"}
{"amount": 0.0023038, "date": 1667660532, "price": 107999, "tid": 14363841, "type": "buy"}
{"amount": 0.00298021, "date": 1667660536, "price": 107999, "tid": 14363842, "type": "buy"}
{"amount": 4.63e-05, "date": 1667660542, "price": 107985.356, "tid": 14363843, "type": "sell"}
{"amount": 0.01050691, "date": 1667660560, "price": 107999, "tid": 14363844, "type": "buy"}
{"amount": 0.00817969, "date": 1667660568, "price": 107999, "tid": 14363845, "type": "buy"}
{"amount": 3.991e-05, "date": 1667660571, "price": 107999, "tid": 14363846, "type": "buy"}
{"amount": 5e-05, "date": 1667660591, "price": 107999.99, "tid": 14363847, "type": "buy"}
{"amount": 3.736e-05, "date": 1667660591, "price": 108129.99513999, "tid": 14363848, "type": "buy"}
{"amount": 0.0001734, "date": 1667660639, "price": 108129.99513999, "tid": 14363849, "type": "buy"}
{"amount": 2.415e-05, "date": 1667660744, "price": 108109.30602943, "tid": 14363850, "type": "sell"}
{"amount": 0.00111204, "date": 1667660762, "price": 108156.24, "tid": 14363851, "type": "buy"}
{"amount": 0.00017419, "date": 1667660764, "price": 108156.24, "tid": 14363852, "type": "buy"}
{"amount": 0.0012166, "date": 1667660765, "price": 108092.61606603, "tid": 14363853, "type": "sell"}
{"amount": 0.0014333, "date": 1667660794, "price": 108156.24, "tid": 14363854, "type": "buy"}
{"amount": 0.00035753, "date": 1667660794, "price": 108156.24, "tid": 14363855, "type": "buy"}
{"amount": 0.00184917, "date": 1667660825, "price": 108156.23999999, "tid": 14363856, "type": "buy"}
{"amount": 0.00099354, "date": 1667660849, "price": 108092.3847, "tid": 14363857, "type": "sell"}
{"amount": 0.00486694, "date": 1667660937, "price": 108156.24, "tid": 14363858, "type": "buy"}
{"amount": 0.0222, "date": 1667660937, "price": 108179.71505999, "tid": 14363859, "type": "buy"}
{"amount": 0.03228, "date": 1667660937, "price": 108205.16231207, "tid": 14363860, "type": "buy"}
{"amount": 0.03307717, "date": 1667660937, "price": 108206.28355747, "tid": 14363861, "type": "buy"}
{"amount": 9.24e-06, "date": 1667660938, "price": 108206.28355747, "tid": 14363862, "type": "buy"}
{"amount": 0.00924244, "date": 1667661038, "price": 108196.43031533, "tid": 14363863, "type": "buy"}
{"amount": 0.0001072, "date": 1667661058, "price": 108115.56036611, "tid": 14363864, "type": "sell"}
{"amount": 0.01451586, "date": 1667661090, "price": 108117.75050001, "tid": 14363865, "type": "sell"}
{"amount": 0.005901, "date": 1667661100, "price": 108120.66127031, "tid": 14363866, "type": "sell"}
{"amount": 2e-05, "date": 1667661110, "price": 108125.05410378, "tid": 14363867, "type": "sell"}
{"amount": 0.0208, "date": 1667661168, "price": 108080.7842714, "tid": 14363868, "type": "sell"}
{"amount": 0.00320905, "date": 1667661168, "price": 108080.78427139, "tid": 14363869, "type": "sell"}
{"amount": 0.00026568, "date": 1667661183, "price": 108125.05, "tid": 14363870, "type": "buy"}
{"amount": 0.001167, "date": 1667661183, "price": 108194.42552479, "tid": 14363871, "type": "buy"}
{"amount": 4.62e-05, "date": 1667661261, "price": 108205.83313668, "tid": 14363872, "type": "buy"}
{"amount": 0.0047594, "date": 1667661269, "price": 108102.43844328, "tid": 14363873, "type": "sell"}
{"amount": 0.00277287, "date": 1667661297, "price": 108190.94452998, "tid": 14363874, "type": "buy"}
{"amount": 0.01848583, "date": 1667661304, "price": 108190.94452998, "tid": 14363875, "type": "buy"}
{"amount": 0.00046211, "date": 1667661325, "price": 108197.27767592, "tid": 14363876, "type": "buy"}
{"amount": 0.000331, "date": 1667661355, "price": 108115.79043756, "tid": 14363877, "type": "sell"}
{"amount": 0.0133, "date": 1667661376, "price": 108118.63460001, "tid": 14363878, "type": "sell"}
{"amount": 0.01, "date": 1667661376, "price": 108118.6346, "tid": 14363879, "type": "sell"}
{"amount": 0.01781, "date": 1667661376, "price": 108102.9934714, "tid": 14363880, "type": "sell"}
{"amount": 0.0011235, "date": 1667661376, "price": 108081.89835, "tid": 14363881, "type": "sell"}
{"amount": 0.00020803, "date": 1667661504, "price": 108155.90854328, "tid": 14363882, "type": "buy"}
{"amount": 0.01055255, "date": 1667661519, "price": 108080.78428, "tid": 14363883, "type": "sell"}
{"amount": 9.26e-06, "date": 1667661519, "price": 108080.7842, "tid": 14363884, "type": "sell"}
{"amount": 0.01735, "date": 1667661519, "price": 108044.17748472, "tid": 14363885, "type": "sell"}
{"amount": 0.01104509, "date": 1667661519, "price": 108042.38868, "tid": 14363886, "type": "sell"}
{"amount": 0.00295935, "date": 1667661533, "price": 108047.95774387, "tid": 14363887, "type": "sell"}
{"amount": 0.00036183, "date": 1667661575, "price": 108181.01639999, "tid": 14363888, "type": "buy"}
{"amount": 0.0026101, "date": 1667661584, "price": 108086.71115, "tid": 14363889, "type": "sell"}
{"amount": 0.0003724, "date": 1667661600, "price": 108189.79504999, "tid": 14363890, "type": "buy"}
{"amount": 0.0154, "date": 1667661656, "price": 108141.57250001, "tid": 14363891, "type": "sell"}
{"amount": 0.0018341, "date": 1667661656, "price": 108141.5725, "tid": 14363892, "type": "sell"}
{"amount": 0.00091915, "date": 1667661720, "price": 108198.19571, "tid": 14363893, "type": "buy"}
{"amount": 0.0002837, "date": 1667661754, "price": 108144.43807467, "tid": 14363894, "type": "sell"}
{"amount": 0.00259758, "date": 1667661840, "price": 108227.33999999, "tid": 14363895, "type": "buy"}
{"amount": 0.0001831, "date": 1667661867, "price": 108155.1797, "tid": 14363896, "type": "sell"}
{"amount": 1.97e-05, "date": 1667661899, "price": 108227.34, "tid": 14363897, "type": "buy"}
{"amount": 0.00090368, "date": 1667661899, "price": 108298.19955602, "tid": 14363898, "type": "buy"}
{"amount": 0.00378155, "date": 1667661910, "price": 108181.94715, "tid": 14363899, "type": "sell"}
{"amount": 0.00025975, "date": 1667661926, "price": 108254.71117723, "tid": 14363900, "type": "buy"}
{"amount": 0.00065356, "date": 1667661955, "price": 108181.94715, "tid": 14363901, "type": "sell"}
{"amount": 0.00086134, "date": 1667661955, "price": 108162.18018042, "tid": 14363902, "type": "sell"}
{"amount": 0.00664, "date": 1667661981, "price": 108226.07955999, "tid": 14363903, "type": "buy"}
{"amount": 0.0016344, "date": 1667662182, "price": 108181.95725, "tid": 14363904, "type": "sell"}
{"amount": 0.0007172, "date": 1667662204, "price": 108181.95725, "tid": 14363905, "type": "sell"}
{"amount": 4e-05, "date": 1667662214, "price": 108230, "tid": 14363906, "type": "buy"}
{"amount": 0.0093951, "date": 1667662214, "price": 108279.03387, "tid": 14363907, "type": "buy"}
{"amount": 0.00034266, "date": 1667662272, "price": 108181.95725, "tid": 14363908, "type": "sell"}
{"amount": 1.366e-05, "date": 1667662342, "price": 108322.21804999, "tid": 14363909, "type": "buy"}
{"amount": 0.00069237, "date": 1667662348, "price": 108322.21804999, "tid": 14363910, "type": "buy"}
{"amount": 0.00118243, "date": 1667662411, "price": 108369.99, "tid": 14363911, "type": "buy"}
{"amount": 0.00461531, "date": 1667662435, "price": 108369.99, "tid": 14363912, "type": "buy"}
{"amount": 0.00383226, "date": 1667662465, "price": 108369.99, "tid": 14363913, "type": "buy"}
{"amount": 0.0192301, "date": 1667662465, "price": 108408.01358703, "tid": 14363914, "type": "buy"}
{"amount": 0.0046699, "date": 1667662475, "price": 108408.01358703, "tid": 14363915, "type": "buy"}
{"amount": 0.01013277, "date": 1667662475, "price": 108409.29874583, "tid": 14363916, "type": "buy"}
{"amount": 1.153e-05, "date": 1667662485, "price": 108369.99, "tid": 14363917, "type": "buy"}
{"amount": 4.588e-05, "date": 1667662509, "price": 108334.53806818, "tid": 14363918, "type": "sell"}
{"amount": 5.975e-05, "date": 1667662575, "price": 108369.99, "tid": 14363919, "type": "buy"}
{"amount": 0.00126809, "date": 1667662575, "price": 108450.10681823, "tid": 14363920, "type": "buy"}
{"amount": 0.02233046, "date": 1667662612, "price": 108330.19448889, "tid": 14363921, "type": "sell"}
{"amount": 0.0002685, "date": 1667662668, "price": 108345.20609868, "tid": 14363922, "type": "sell"}
{"amount": 9.23e-06, "date": 1667662851, "price": 108345.206, "tid": 14363923, "type": "buy"}
{"amount": 8.304e-05, "date": 1667662851, "price": 108371.90047536, "tid": 14363924, "type": "buy"}
{"amount": 0.00029588, "date": 1667662876, "price": 108266.5257, "tid": 14363925, "type": "sell"}
{"amount": 0.00548097, "date": 1667663039, "price": 108254.51166184, "tid": 14363926, "type": "buy"}
{"amount": 0.00157429, "date": 1667663045, "price": 108169.02005, "tid": 14363927, "type": "sell"}
{"amount": 1.635e-05, "date": 1667663057, "price": 108251.04798854, "tid": 14363928, "type": "buy"}
{"amount": 0.00107468, "date": 1667663092, "price": 108169.0402, "tid": 14363929, "type": "sell"}
{"amount": 0.00267777, "date": 1667663205, "price": 108169.0301, "tid": 14363930, "type": "sell"}
{"amount": 0.00022647, "date": 1667663240, "price": 108193.01911008, "tid": 14363931, "type": "buy"}
{"amount": 0.00098075, "date": 1667663308, "price": 108193.01, "tid": 14363932, "type": "buy"}
{"amount": 0.00029772, "date": 1667663308, "price": 108194.99700594, "tid": 14363933, "type": "buy"}
{"amount": 0.0216, "date": 1667663495, "price": 108169.00005001, "tid": 14363934, "type": "sell"}
{"amount": 0.0038031, "date": 1667663495, "price": 108169.00005, "tid": 14363935, "type": "sell"}
{"amount": 0.0303884, "date": 1667663495, "price": 108169, "tid": 14363936, "type": "sell"}
{"amount": 0.00110867, "date": 1667663562, "price": 108237.4024245, "tid": 14363937, "type": "buy"}
{"amount": 9.23e-06, "date": 1667663576, "price": 108237.4024245, "tid": 14363938, "type": "buy"}
{"amount": 0.02771104, "date": 1667663592, "price": 108260.07810371, "tid": 14363939, "type": "buy"}
{"amount": 0.00064656, "date": 1667663621, "price": 108265.2455825, "tid": 14363940, "type": "buy"}
{"amount": 0.00012157, "date": 1667663660, "price": 108265.2455825, "tid": 14363941, "type": "buy"}
{"amount": 0.01679338, "date": 1667663671, "price": 108192.3278033, "tid": 14363942, "type": "sell"}
{"amount": 0.01748, "date": 1667663709, "price": 108147.59777253, "tid": 14363943, "type": "sell"}
{"amount": 0.03252, "date": 1667663709, "price": 108139.2579, "tid": 14363944, "type": "sell"}
{"amount": 0.00018358, "date": 1667663874, "price": 108144.44333796, "tid": 14363945, "type": "sell"}
{"amount": 0.02, "date": 1667663874, "price": 108144.4533, "tid": 14363946, "type": "sell"}
{"amount": 0.00832738, "date": 1667663928, "price": 108210.38300577, "tid": 14363947, "type": "buy"}
{"amount": 0.00018215, "date": 1667663952, "price": 108201.91029053, "tid": 14363948, "type": "buy"}
{"amount": 3.188e-05, "date": 1667663953, "price": 108199.97248599, "tid": 14363949, "type": "buy"}
{"amount": 0.0004827, "date": 1667663961, "price": 108139.24785, "tid": 14363950, "type": "sell"}
{"amount": 9.234e-05, "date": 1667664016, "price": 108186.80359756, "tid": 14363951, "type": "buy"}
{"amount": 0.00140303, "date": 1667664036, "price": 108195.65996583, "tid": 14363952, "type": "buy"}
{"amount": 0.00231011, "date": 1667664062, "price": 108219.92688194, "tid": 14363953, "type": "buy"}
{"amount": 0.00015277, "date": 1667664123, "price": 108164.49714, "tid": 14363954, "type": "sell"}
{"amount": 0.00100298, "date": 1667664206, "price": 108143.4669, "tid": 14363955, "type": "sell"}
{"amount": 0.00040074, "date": 1667664284, "price": 108143.46, "tid": 14363956, "type": "buy"}
{"amount": 0.00052341, "date": 1667664284, "price": 108256.23949248, "tid": 14363957, "type": "buy"}
{"amount": 4.618e-05, "date": 1667664289, "price": 108254.57224, "tid": 14363958, "type": "buy"}
{"amount": 0.00025794, "date": 1667664395, "price": 108188.6844, "tid": 14363959, "type": "sell"}
{"amount": 9.23e-06, "date": 1667664419, "price": 108299.09518858, "tid": 14363960, "type": "buy"}
{"amount": 0.0046718, "date": 1667664446, "price": 108259.11881223, "tid": 14363961, "type": "sell"}
{"amount": 0.0003989, "date": 1667664447, "price": 108259.11881223, "tid": 14363962, "type": "sell"}
{"amount": 0.00126183, "date": 1667664465, "price": 108341.86978792, "tid": 14363963, "type": "buy"}
{"amount": 0.00090104, "date": 1667664529, "price": 108328.1811512, "tid": 14363964, "type": "buy"}
{"amount": 9.23e-06, "date": 1667664532, "price": 108326.82590676, "tid": 14363965, "type": "buy"}
{"amount": 9.22e-06, "date": 1667664555, "price": 108350.6639177, "tid": 14363966, "type": "buy"}
{"amount": 9.23e-06, "date": 1667664618, "price": 108265.899, "tid": 14363967, "type": "buy"}
{"amount": 9.23e-06, "date": 1667664650, "price": 108264.55594301, "tid": 14363968, "type": "buy"}
{"amount": 9.23e-06, "date": 1667664664, "price": 108264.55587999, "tid": 14363969, "type": "buy"}
{"amount": 0.00231086, "date": 1667664686, "price": 108156.11432683, "tid": 14363970, "type": "sell"}
{"amount": 9.23e-06, "date": 1667664694, "price": 108241.88060396, "tid": 14363971, "type": "buy"}
{"amount": 9.23e-06, "date": 1667664714, "price": 108241.88060396, "tid": 14363972, "type": "buy"}
{"amount": 9.23e-06, "date": 1667664735, "price": 108234.19253757, "tid": 14363973, "type": "buy"}
{"amount": 9.24e-06, "date": 1667664766, "price": 108221.53708949, "tid": 14363974, "type": "buy"}
{"amount": 1.478e-05, "date": 1667664799, "price": 108216.98873315, "tid": 14363975, "type": "buy"}
{"amount": 3.622e-05, "date": 1667664883, "price": 108217.44572045, "tid": 14363976, "type": "buy"}
{"amount": 0.00184813, "date": 1667664887, "price": 108217.44572045, "tid": 14363977, "type": "buy"}
{"amount": 0.00143553, "date": 1667664950, "price": 108197.91138044, "tid": 14363978, "type": "buy"}
{"amount": 0.01407719, "date": 1667664965, "price": 108233.19687747, "tid": 14363979, "type": "buy"}
{"amount": 0.00160911, "date": 1667664994, "price": 108256.59396928, "tid": 14363980, "type": "buy"}
{"amount": 0.00046186, "date": 1667665045, "price": 108257.38616817, "tid": 14363981, "type": "buy"}
{"amount": 0.01286303, "date": 1667665089, "price": 108194.0149, "tid": 14363982, "type": "sell"}
{"amount": 0.00092255, "date": 1667665093, "price": 108275.76529617, "tid": 14363983, "type": "buy"}
{"amount": 0.0019727, "date": 1667665171, "price": 108184.19080001, "tid": 14363984, "type": "sell"}
{"amount": 0.00184707, "date": 1667665268, "price": 108279.25986594, "tid": 14363985, "type": "buy"}
{"amount": 0.0008, "date": 1667665377, "price": 108234.49057388, "tid": 14363986, "type": "sell"}
{"amount": 5.855e-05, "date": 1667665430, "price": 108279.25, "tid": 14363987, "type": "buy"}
{"amount": 0.00097452, "date": 1667665446, "price": 108208.01, "tid": 14363988, "type": "sell"}
{"amount": 0.00046176, "date": 1667665559, "price": 108279.25, "tid": 14363989, "type": "buy"}
{"amount": 0.015968, "date": 1667665653, "price": 108250.01, "tid": 14363990, "type": "sell"}
{"amount": 0.00047377, "date": 1667665662, "price": 108279.25, "tid": 14363991, "type": "buy"}
{"amount": 1.93e-05, "date": 1667665702, "price": 108279.25, "tid": 14363992, "type": "buy"}
{"amount": 2.401e-05, "date": 1667665764, "price": 108279.25, "tid": 14363993, "type": "buy"}
{"amount": 0.00197844, "date": 1667665786, "price": 108279.25, "tid": 14363994, "type": "buy"}
{"amount": 5e-05, "date": 1667665786, "price": 108279.25, "tid": 14363995, "type": "buy"}
{"amount": 0.005423, "date": 1667665793, "price": 108279.24999999, "tid": 14363996, "type": "sell"}
{"amount": 0.0006372, "date": 1667665867, "price": 108295, "tid": 14363997, "type": "buy"}
{"amount": 0.00028603, "date": 1667665867, "price": 108359.16582571, "tid": 14363998, "type": "buy"}
{"amount": 0.00084757, "date": 1667665869, "price": 108279.26, "tid": 14363999, "type": "sell"}
{"amount": 0.01, "date": 1667665877, "price": 108281.05977285, "tid": 14364000, "type": "sell"}
{"amount": 0.00039462, "date": 1667665915, "price": 108382.56357757, "tid": 14364001, "type": "buy"}
{"amount": 0.00013585, "date": 1667665947, "price": 108289.48072055, "tid": 14364002, "type": "sell"}
{"amount": 0.00023078, "date": 1667666179, "price": 108324.0272319, "tid": 14364003, "type": "buy"}
{"amount": 0.00092298, "date": 1667666502, "price": 108344.64052947, "tid": 14364004, "type": "buy"}
{"amount": 0.00013028, "date": 1667666516, "price": 108250.00000001, "tid": 14364005, "type": "sell"}
{"amount": 0.00051908, "date": 1667666555, "price": 108363.67156999, "tid": 14364006, "type": "buy"}
{"amount": 0.00424496, "date": 1667666563, "price": 108363.67156999, "tid": 14364007, "type": "buy"}
{"amount": 9.23e-06, "date": 1667666699, "price": 108326.85212895, "tid": 14364008, "type": "buy"}
{"amount": 0.00031362, "date": 1667666839, "price": 108346.91721066, "tid": 14364009, "type": "buy"}
{"amount": 0.00963939, "date": 1667666858, "price": 108259.3986, "tid": 14364010, "type": "sell"}
{"amount": 0.00294325, "date": 1667666897, "price": 108250.05025, "tid": 14364011, "type": "sell"}
{"amount": 4.9e-05, "date": 1667666936, "price": 108353.58936986, "tid": 14364012, "type": "buy"}
{"amount": 0.0005375, "date": 1667666988, "price": 108259.34203231, "tid": 14364013, "type": "sell"}
{"amount": 0.00038398, "date": 1667666999, "price": 108337.43654878, "tid": 14364014, "type": "buy"}
{"amount": 9.83e-05, "date": 1667667158, "price": 108258.26995557, "tid": 14364015, "type": "sell"}
{"amount": 0.0054, "date": 1667667261, "price": 108257.50340001, "tid": 14364016, "type": "sell"}
{"amount": 0.03229, "date": 1667667366, "price": 108318.40942557, "tid": 14364017, "type": "buy"}
{"amount": 0.00138039, "date": 1667667366, "price": 108319.75979503, "tid": 14364018, "type": "buy"}
{"amount": 6.923e-05, "date": 1667667410, "price": 108323.97959, "tid": 14364019, "type": "buy"}
{"amount": 0.00094513, "date": 1667667417, "price": 108332.23618973, "tid": 14364020, "type": "buy"}
{"amount": 0.00018456, "date": 1667667509, "price": 108364.72833772, "tid": 14364021, "type": "buy"}
{"amount": 9.29e-05, "date": 1667667514, "price": 108265.9082, "tid": 14364022, "type": "sell"}
{"amount": 0.00011894, "date": 1667667520, "price": 108365.82602528, "tid": 14364023, "type": "buy"}
{"amount": 0.00048906, "date": 1667667542, "price": 108370.89937385, "tid": 14364024, "type": "buy"}
{"amount": 0.0002583, "date": 1667667628, "price": 108288.42090001, "tid": 14364025, "type": "sell"}
{"amount": 1.153e-05, "date": 1667667668, "price": 108383.36580131, "tid": 14364026, "type": "buy"}
{"amount": 0.02952502, "date": 1667667673, "price": 108382.97714201, "tid": 14364027, "type": "buy"}
{"amount": 0.00248151, "date": 1667667715, "price": 108271.80245, "tid": 14364028, "type": "sell"}
{"amount": 0.01806, "date": 1667667715, "price": 108250.84631306, "tid": 14364029, "type": "sell"}
{"amount": 0.01556428, "date": 1667667715, "price": 108250.59476162, "tid": 14364030, "type": "sell"}
{"amount": 0.00108253, "date": 1667667740, "price": 108250.03005001, "tid": 14364031, "type": "sell"}
{"amount": 0.00046189, "date": 1667667834, "price": 108250.03, "tid": 14364032, "type": "sell"}
{"amount": 0.0002927, "date": 1667667905, "price": 108250, "tid": 14364033, "type": "sell"}
{"amount": 0.00018475, "date": 1667667905, "price": 108250.02958, "tid": 14364034, "type": "buy"}
{"amount": 0.00156559, "date": 1667667942, "price": 108250, "tid": 14364035, "type": "sell"}
{"amount": 0.00010269, "date": 1667667962, "price": 108144.00005001, "tid": 14364036, "type": "sell"}
{"amount": 3.205e-05, "date": 1667668075, "price": 108082.87766001, "tid": 14364037, "type": "sell"}
{"amount": 0.02277773, "date": 1667668143, "price": 108183.27323805, "tid": 14364038, "type": "buy"}
{"amount": 0.01386261, "date": 1667668153, "price": 108204.66908479, "tid": 14364039, "type": "buy"}
{"amount": 0.0006988, "date": 1667668270, "price": 108109.65289258, "tid": 14364040, "type": "sell"}
{"amount": 0.00018485, "date": 1667668339, "price": 108191.60977817, "tid": 14364041, "type": "buy"}
{"amount": 0.00015491, "date": 1667668460, "price": 108191.74999999, "tid": 14364042, "type": "buy"}
{"amount": 6.469e-05, "date": 1667668516, "price": 108191.75, "tid": 14364043, "type": "buy"}
{"amount": 0.00368222, "date": 1667668522, "price": 108191.75, "tid": 14364044, "type": "buy"}
{"amount": 0.00047672, "date": 1667668522, "price": 108268.66836, "tid": 14364045, "type": "buy"}
{"amount": 0.00046193, "date": 1667668536, "price": 108161.64867904, "tid": 14364046, "type": "sell"}
{"amount": 0.021, "date": 1667668571, "price": 108268.61106631, "tid": 14364047, "type": "buy"}
{"amount": 0.0085464, "date": 1667668571, "price": 108274.68724829, "tid": 14364048, "type": "buy"}
{"amount": 3.756e-05, "date": 1667668618, "price": 108191.75, "tid": 14364049, "type": "sell"}
{"amount": 0.00061275, "date": 1667668728, "price": 108330.78100582, "tid": 14364050, "type": "buy"}
{"amount": 9.22e-05, "date": 1667668817, "price": 108450.75319595, "tid": 14364051, "type": "buy"}
{"amount": 0.0197, "date": 1667668884, "price": 108325.29026162, "tid": 14364052, "type": "sell"}
{"amount": 0.01997, "date": 1667668884, "price": 108325.29026161, "tid": 14364053, "type": "sell"}
{"amount": 0.01873, "date": 1667668884, "price": 108322.6182856, "tid": 14364054, "type": "sell"}
{"amount": 0.0028858, "date": 1667668884, "price": 108299.04160426, "tid": 14364055, "type": "sell"}
{"amount": 0.00045202, "date": 1667668896, "price": 108413.14952778, "tid": 14364056, "type": "buy"}
{"amount": 0.00101465, "date": 1667668899, "price": 108411.50665952, "tid": 14364057, "type": "buy"}
{"amount": 0.00060847, "date": 1667668989, "price": 108336.55009697, "tid": 14364058, "type": "sell"}
{"amount": 0.0002857, "date": 1667669047, "price": 108312.37539506, "tid": 14364059, "type": "sell"}
{"amount": 9.134e-05, "date": 1667669053, "price": 108312.38541, "tid": 14364060, "type": "sell"}
{"amount": 0.0005578, "date": 1667669284, "price": 108206.6569, "tid": 14364061, "type": "sell"}
{"amount": 0.00092334, "date": 1667669293, "price": 108301.62437999, "tid": 14364062, "type": "buy"}
{"amount": 3.212e-05, "date": 1667669363, "price": 108206.65695001, "tid": 14364063, "type": "sell"}
{"amount": 0.0219, "date": 1667669371, "price": 108206.66700001, "tid": 14364064, "type": "sell"}
{"amount": 0.00398156, "date": 1667669371, "price": 108206.65695, "tid": 14364065, "type": "sell"}
{"amount": 0.00989344, "date": 1667669371, "price": 108173.25674, "tid": 14364066, "type": "sell"}
{"amount": 0.0004622, "date": 1667669493, "price": 108209.9774, "tid": 14364067, "type": "sell"}
{"amount": 0.00222615, "date": 1667669512, "price": 108217.13428493, "tid": 14364068, "type": "sell"}
{"amount": 0.03073, "date": 1667669581, "price": 108265.15642728, "tid": 14364069, "type": "buy"}
{"amount": 0.005242, "date": 1667669581, "price": 108268.70053774, "tid": 14364070, "type": "buy"}
{"amount": 9.24e-05, "date": 1667669608, "price": 108225.37327786, "tid": 14364071, "type": "sell"}
{"amount": 0.00599422, "date": 1667669767, "price": 108219.2605, "tid": 14364072, "type": "sell"}
{"amount": 0.00092355, "date": 1667669962, "price": 108276.99999999, "tid": 14364073, "type": "buy"}
{"amount": 0.0002621, "date": 1667670024, "price": 108220.39661059, "tid": 14364074, "type": "sell"}
{"amount": 0.01847123, "date": 1667670095, "price": 108277, "tid": 14364075, "type": "buy"}
{"amount": 0.00085063, "date": 1667670113, "price": 108216.9564, "tid": 14364076, "type": "sell"}
{"amount": 0.00060456, "date": 1667670144, "price": 108277, "tid": 14364077, "type": "buy"}
{"amount": 0.00013027, "date": 1667670168, "price": 108238.6145, "tid": 14364078, "type": "sell"}
{"amount": 9.23e-06, "date": 1667670171, "price": 108277, "tid": 14364079, "type": "buy"}
{"amount": 0.00092355, "date": 1667670256, "price": 108277, "tid": 14364080, "type": "buy"}
{"amount": 0.02617324, "date": 1667670265, "price": 108277, "tid": 14364081, "type": "buy"}
{"amount": 0.01999845, "date": 1667670265, "price": 108310.3769254, "tid": 14364082, "type": "buy"}
{"amount": 2.842e-05, "date": 1667670273, "price": 108366.62992137, "tid": 14364083, "type": "buy"}
{"amount": 0.00014829, "date": 1667670278, "price": 108365.64273791, "tid": 14364084, "type": "buy"}
{"amount": 0.01153807, "date": 1667670326, "price": 108337.00474186, "tid": 14364085, "type": "buy"}
{"amount": 0.000476, "date": 1667670355, "price": 108277.01, "tid": 14364086, "type": "sell"}
{"amount": 0.00864964, "date": 1667670367, "price": 108385.89718813, "tid": 14364087, "type": "buy"}
{"amount": 2.822e-05, "date": 1667670386, "price": 108410.29337999, "tid": 14364088, "type": "buy"}
{"amount": 0.00102855, "date": 1667670502, "price": 108310.28565, "tid": 14364089, "type": "sell"}
{"amount": 0.00012721, "date": 1667670564, "price": 108369.24790291, "tid": 14364090, "type": "buy"}
{"amount": 1e-05, "date": 1667670564, "price": 108369.24790291, "tid": 14364091, "type": "buy"}
{"amount": 1e-05, "date": 1667670571, "price": 108359.47271461, "tid": 14364092, "type": "buy"}
{"amount": 1.919e-05, "date": 1667670798, "price": 108357.26634, "tid": 14364093, "type": "buy"}
{"amount": 2.307e-05, "date": 1667670820, "price": 108365.31322639, "tid": 14364094, "type": "buy"}
{"amount": 0.00460015, "date": 1667670821, "price": 108299.99000001, "tid": 14364095, "type": "sell"}
{"amount": 0.001308, "date": 1667670903, "price": 108303.99454371, "tid": 14364096, "type": "sell"}
{"amount": 0.00131148, "date": 1667670923, "price": 108310.61174409, "tid": 14364097, "type": "sell"}
{"amount": 0.0002174, "date": 1667671009, "price": 108315.97441997, "tid": 14364098, "type": "sell"}
{"amount": 0.00021563, "date": 1667671023, "price": 108426.14338414, "tid": 14364099, "type": "buy"}
{"amount": 0.0002142, "date": 1667671036, "price": 108343.59478217, "tid": 14364100, "type": "sell"}
{"amount": 0.001, "date": 1667671097, "price": 108355.15290001, "tid": 14364101, "type": "sell"}
{"amount": 9.224e-05, "date": 1667671154, "price": 108412.17675556, "tid": 14364102, "type": "buy"}
{"amount": 0.02, "date": 1667671194, "price": 108322.3057, "tid": 14364103, "type": "sell"}
{"amount": 0.00513025, "date": 1667671194, "price": 108322.29565, "tid": 14364104, "type": "sell"}
{"amount": 0.0201, "date": 1667671240, "price": 108363.39116628, "tid": 14364105, "type": "sell"}
{"amount": 0.00737805, "date": 1667671240, "price": 108363.39116627, "tid": 14364106, "type": "sell"}
{"amount": 0.00368932, "date": 1667671343, "price": 108420.95023999, "tid": 14364107, "type": "buy"}
{"amount": 0.00046116, "date": 1667671350, "price": 108420.95023999, "tid": 14364108, "type": "buy"}
{"amount": 0.00041499, "date": 1667671396, "price": 108434.04771185, "tid": 14364109, "type": "buy"}
{"amount": 0.00015661, "date": 1667671410, "price": 108418.04694935, "tid": 14364110, "type": "buy"}
{"amount": 0.00185607, "date": 1667671431, "price": 108340.90801253, "tid": 14364111, "type": "sell"}
{"amount": 1e-05, "date": 1667671643, "price": 108299.99, "tid": 14364112, "type": "sell"}
{"amount": 0.00073653, "date": 1667671643, "price": 108278.93486979, "tid": 14364113, "type": "sell"}
{"amount": 4.613e-05, "date": 1667671647, "price": 108382.37758998, "tid": 14364114, "type": "buy"}
{"amount": 0.00036091, "date": 1667671746, "price": 108278.57295, "tid": 14364115, "type": "sell"}
{"amount": 0.00023071, "date": 1667671746, "price": 108357.51381061, "tid": 14364116, "type": "buy"}
{"amount": 0.00955975, "date": 1667671761, "price": 108278.583, "tid": 14364117, "type": "sell"}
{"amount": 0.0004, "date": 1667671797, "price": 108278.57295, "tid": 14364118, "type": "sell"}
{"amount": 0.00046155, "date": 1667671801, "price": 108329.56108788, "tid": 14364119, "type": "buy"}
{"amount": 0.0019847, "date": 1667671837, "price": 108328.66112924, "tid": 14364120, "type": "buy"}
{"amount": 2.723e-05, "date": 1667671844, "price": 108309.60248625, "tid": 14364121, "type": "buy"}
{"amount": 0.00016288, "date": 1667671849, "price": 108307.54025048, "tid": 14364122, "type": "buy"}
{"amount": 0.00092354, "date": 1667671900, "price": 108278.57295, "tid": 14364123, "type": "buy"}
{"amount": 0.00025733, "date": 1667671929, "price": 108302.44612298, "tid": 14364124, "type": "buy"}
{"amount": 0.00031395, "date": 1667671995, "price": 108295.6437418, "tid": 14364125, "type": "buy"}
{"amount": 0.00468322, "date": 1667672005, "price": 108227.93945285, "tid": 14364126, "type": "sell"}
{"amount": 0.00095664, "date": 1667672007, "price": 108295.6437418, "tid": 14364127, "type": "buy"}
{"amount": 0.01877, "date": 1667672020, "price": 108232.63740891, "tid": 14364128, "type": "sell"}
{"amount": 0.05, "date": 1667672020, "price": 108231.3501, "tid": 14364129, "type": "sell"}
{"amount": 0.01916, "date": 1667672020, "price": 108231.34005565, "tid": 14364130, "type": "sell"}
{"amount": 0.01207, "date": 1667672020, "price": 108230.91614489, "tid": 14364131, "type": "sell"}
{"amount": 0.00850045, "date": 1667672205, "price": 108311.44663146, "tid": 14364132, "type": "buy"}
{"amount": 0.0035546, "date": 1667672237, "price": 108225.21966673, "tid": 14364133, "type": "sell"}
{"amount": 0.00286126, "date": 1667672396, "price": 108343.58837641, "tid": 14364134, "type": "buy"}
{"amount": 0.0213, "date": 1667672436, "price": 108317.02234784, "tid": 14364135, "type": "buy"}
{"amount": 0.00719044, "date": 1667672436, "price": 108317.02234785, "tid": 14364136, "type": "buy"}
{"amount": 0.0004617, "date": 1667672566, "price": 108293.12816202, "tid": 14364137, "type": "buy"}
{"amount": 0.00138518, "date": 1667672581, "price": 108289.00149145, "tid": 14364138, "type": "buy"}
{"amount": 0.00121835, "date": 1667672813, "price": 108236.38, "tid": 14364139, "type": "sell"}
{"amount": 1e-05, "date": 1667672861, "price": 108199.99, "tid": 14364140, "type": "sell"}
{"amount": 0.00051883, "date": 1667672861, "price": 108171.71309, "tid": 14364141, "type": "sell"}
{"amount": 0.00369131, "date": 1667673029, "price": 108226.04213929, "tid": 14364142, "type": "buy"}
{"amount": 0.01385514, "date": 1667673069, "price": 108263.02040778, "tid": 14364143, "type": "buy"}
{"amount": 4.646e-05, "date": 1667673071, "price": 108263.02040778, "tid": 14364144, "type": "buy"}
{"amount": 0.00018473, "date": 1667673072, "price": 108262.00153696, "tid": 14364145, "type": "buy"}
{"amount": 0.01705, "date": 1667673084, "price": 108165.55194891, "tid": 14364146, "type": "sell"}
{"amount": 0.02071581, "date": 1667673084, "price": 108164.63480001, "tid": 14364147, "type": "sell"}
{"amount": 0.00041555, "date": 1667673168, "price": 108288.86102999, "tid": 14364148, "type": "buy"}
{"amount": 4.617e-05, "date": 1667673208, "price": 108283.21832699, "tid": 14364149, "type": "buy"}
{"amount": 0.00010715, "date": 1667673364, "price": 108259.36461358, "tid": 14364150, "type": "buy"}
{"amount": 0.00017592, "date": 1667673405, "price": 108223.77978416, "tid": 14364151, "type": "buy"}
{"amount": 3.898e-05, "date": 1667673484, "price": 108252.37241792, "tid": 14364152, "type": "buy"}
{"amount": 3.905e-05, "date": 1667673587, "price": 108319.19466582, "tid": 14364153, "type": "buy"}
{"amount": 0.015, "date": 1667673598, "price": 108211.64412581, "tid": 14364154, "type": "sell"}
{"amount": 1.88e-05, "date": 1667673711, "price": 108199.6449, "tid": 14364155, "type": "sell"}
{"amount": 0.00328, "date": 1667673750, "price": 108199.6449, "tid": 14364156, "type": "sell"}
{"amount": 0.00091478, "date": 1667673810, "price": 108232.67557217, "tid": 14364157, "type": "buy"}
{"amount": 0.0157, "date": 1667673944, "price": 108198.27015564, "tid": 14364158, "type": "buy"}
{"amount": 0.02647902, "date": 1667673944, "price": 108198.27015565, "tid": 14364159, "type": "buy"}
{"amount": 0.00091508, "date": 1667673959, "price": 108126.48109841, "tid": 14364160, "type": "sell"}
{"amount": 0.00028, "date": 1667674131, "price": 108134.26619458, "tid": 14364161, "type": "buy"}
{"amount": 0.0015721, "date": 1667674245, "price": 108031.14530001, "tid": 14364162, "type": "sell"}
{"amount": 0.00308232, "date": 1667674358, "price": 108077.23445, "tid": 14364163, "type": "sell"}
{"amount": 0.0201, "date": 1667674358, "price": 108037.69140001, "tid": 14364164, "type": "sell"}
{"amount": 0.01384408, "date": 1667674358, "price": 108037.6914, "tid": 14364165, "type": "sell"}
{"amount": 0.00014434, "date": 1667674422, "price": 108071.21871475, "tid": 14364166, "type": "sell"}
{"amount": 6.001e-05, "date": 1667674477, "price": 108134.26, "tid": 14364167, "type": "buy"}
{"amount": 5.514e-05, "date": 1667674525, "price": 108103.00446971, "tid": 14364168, "type": "sell"}
{"amount": 4.818e-05, "date": 1667674588, "price": 108134.25999999, "tid": 14364169, "type": "buy"}
{"amount": 0.00059162, "date": 1667674657, "price": 108104.79519844, "tid": 14364170, "type": "sell"}
{"amount": 0.00045175, "date": 1667674683, "price": 108134.26, "tid": 14364171, "type": "buy"}
{"amount": 0.00013409, "date": 1667674748, "price": 108134.26, "tid": 14364172, "type": "buy"}
{"amount": 0.0007, "date": 1667674760, "price": 108102.35492269, "tid": 14364173, "type": "sell"}
{"amount": 9.247e-05, "date": 1667674763, "price": 108134.26, "tid": 14364174, "type": "buy"}
{"amount": 0.00029021, "date": 1667674789, "price": 108134.26, "tid": 14364175, "type": "buy"}
{"amount": 0.00462152, "date": 1667674847, "price": 108189.37967996, "tid": 14364176, "type": "buy"}
{"amount": 0.00046215, "date": 1667674941, "price": 108189.37967996, "tid": 14364177, "type": "buy"}
{"amount": 8.71e-05, "date": 1667675146, "price": 108155.8238, "tid": 14364178, "type": "sell"}
{"amount": 0.0131348, "date": 1667675197, "price": 108213.35009197, "tid": 14364179, "type": "sell"}
{"amount": 8.078e-05, "date": 1667675291, "price": 108308.86227834, "tid": 14364180, "type": "buy"}
{"amount": 0.00013582, "date": 1667675315, "price": 108208.92177, "tid": 14364181, "type": "sell"}
{"amount": 4.56e-05, "date": 1667675352, "price": 108233.8013249, "tid": 14364182, "type": "sell"}
{"amount": 0.01787, "date": 1667675374, "price": 108250.47072631, "tid": 14364183, "type": "sell"}
{"amount": 0.01787, "date": 1667675374, "price": 108249.40094941, "tid": 14364184, "type": "sell"}
{"amount": 0.0104563, "date": 1667675374, "price": 108249.28216123, "tid": 14364185, "type": "sell"}
{"amount": 0.01438, "date": 1667675399, "price": 108234.6882437, "tid": 14364186, "type": "sell"}
{"amount": 0.01454, "date": 1667675399, "price": 108233.91194348, "tid": 14364187, "type": "sell"}
{"amount": 0.01408, "date": 1667675399, "price": 108233.62545434, "tid": 14364188, "type": "sell"}
{"amount": 0.0031897, "date": 1667675399, "price": 108232.4469, "tid": 14364189, "type": "sell"}
{"amount": 0.00692544, "date": 1667675498, "price": 108296.26431778, "tid": 14364190, "type": "buy"}
{"amount": 0.00012004, "date": 1667675510, "price": 108289.93641999, "tid": 14364191, "type": "buy"}
{"amount": 1.098e-05, "date": 1667675515, "price": 108288.00811536, "tid": 14364192, "type": "buy"}
{"amount": 0.00109867, "date": 1667675555, "price": 108276.17322579, "tid": 14364193, "type": "buy"}
{"amount": 0.00295597, "date": 1667675632, "price": 108254.56048384, "tid": 14364194, "type": "buy"}
{"amount": 0.0011015, "date": 1667675683, "price": 108177.6376, "tid": 14364195, "type": "sell"}
{"amount": 3.701e-05, "date": 1667675692, "price": 108254.56048384, "tid": 14364196, "type": "buy"}
{"amount": 9.23e-06, "date": 1667675703, "price": 108254.56048384, "tid": 14364197, "type": "buy"}
{"amount": 0.0093026, "date": 1667675706, "price": 108184.81749932, "tid": 14364198, "type": "sell"}
{"amount": 0.00114296, "date": 1667675749, "price": 108253.26764684, "tid": 14364199, "type": "buy"}
{"amount": 0.00041035, "date": 1667675786, "price": 108177.6276, "tid": 14364200, "type": "sell"}
{"amount": 0.00042299, "date": 1667675798, "price": 108177.6376, "tid": 14364201, "type": "sell"}
{"amount": 0.01000599, "date": 1667675803, "price": 108177.6276, "tid": 14364202, "type": "sell"}
{"amount": 0.0149, "date": 1667675803, "price": 108118.7616093, "tid": 14364203, "type": "sell"}
{"amount": 0.01167, "date": 1667675803, "price": 108118.76160929, "tid": 14364204, "type": "sell"}
{"amount": 0.01167, "date": 1667675803, "price": 108117.65059043, "tid": 14364205, "type": "sell"}
{"amount": 0.01218, "date": 1667675803, "price": 108117.24764229, "tid": 14364206, "type": "sell"}
{"amount": 1e-05, "date": 1667675803, "price": 108099.99, "tid": 14364207, "type": "sell"}
{"amount": 0.20958749, "date": 1667675803, "price": 108099.00323135, "tid": 14364208, "type": "sell"}
{"amount": 0.03581586, "date": 1667675803, "price": 108099.00154, "tid": 14364209, "type": "sell"}
{"amount": 0.1600093, "date": 1667675803, "price": 108099, "tid": 14364210, "type": "sell"}
{"amount": 0.03619158, "date": 1667675844, "price": 108189.77089488, "tid": 14364211, "type": "buy"}
{"amount": 0.05, "date": 1667675890, "price": 108128.1635, "tid": 14364212, "type": "sell"}
{"amount": 0.01248, "date": 1667675890, "price": 108105.84187969, "tid": 14364213, "type": "sell"}
{"amount": 0.01171, "date": 1667675890, "price": 108104.19049107, "tid": 14364214, "type": "sell"}
{"amount": 0.01222, "date": 1667675890, "price": 108104.00648585, "tid": 14364215, "type": "sell"}
{"amount": 0.01481107, "date": 1667675890, "price": 108100.24219, "tid": 14364216, "type": "sell"}
{"amount": 0.14110313, "date": 1667675890, "price": 108089.64339541, "tid": 14364217, "type": "sell"}
{"amount": 0.22370246, "date": 1667675890, "price": 108086, "tid": 14364218, "type": "sell"}
{"amount": 0.00729806, "date": 1667675900, "price": 108192.84768593, "tid": 14364219, "type": "buy"}
{"amount": 0.01045516, "date": 1667675911, "price": 108189.09393999, "tid": 14364220, "type": "buy"}
{"amount": 6.008e-05, "date": 1667675947, "price": 108184.00553666, "tid": 14364221, "type": "buy"}
{"amount": 0.01047, "date": 1667675965, "price": 108099.02967044, "tid": 14364222, "type": "sell"}
{"amount": 0.00961, "date": 1667675965, "price": 108098.53821346, "tid": 14364223, "type": "sell"}
{"amount": 0.0168, "date": 1667675965, "price": 108097.35197757, "tid": 14364224, "type": "sell"}
{"amount": 0.0107241, "date": 1667675965, "price": 108083.92965001, "tid": 14364225, "type": "sell"}
{"amount": 9.3e-06, "date": 1667675975, "price": 108101.3618629, "tid": 14364226, "type": "sell"}
{"amount": 0.00881, "date": 1667675987, "price": 108105.77798818, "tid": 14364227, "type": "sell"}
{"amount": 0.009, "date": 1667675987, "price": 108105.46354888, "tid": 14364228, "type": "sell"}
{"amount": 0.00955858, "date": 1667675987, "price": 108083.92965, "tid": 14364229, "type": "sell"}
{"amount": 0.01057, "date": 1667675987, "price": 108066.53298932, "tid": 14364230, "type": "sell"}
{"amount": 0.16706538, "date": 1667675987, "price": 108053, "tid": 14364231, "type": "sell"}
{"amount": 0.00276987, "date": 1667675994, "price": 108182.18204409, "tid": 14364232, "type": "buy"}
{"amount": 0.00826739, "date": 1667676013, "price": 108180.49644793, "tid": 14364233, "type": "buy"}
{"amount": 0.00978724, "date": 1667676034, "price": 108182.18204409, "tid": 14364234, "type": "buy"}
{"amount": 5.83e-05, "date": 1667676049, "price": 108229.25606154, "tid": 14364235, "type": "buy"}
{"amount": 0.0002302, "date": 1667676066, "price": 108115.83061547, "tid": 14364236, "type": "sell"}
{"amount": 8.248e-05, "date": 1667676066, "price": 108115.83061547, "tid": 14364237, "type": "sell"}
{"amount": 0.01790542, "date": 1667676117, "price": 108228.57127, "tid": 14364238, "type": "buy"}
{"amount": 0.01370895, "date": 1667676130, "price": 108251.27176882, "tid": 14364239, "type": "buy"}
{"amount": 0.0134, "date": 1667676140, "price": 108251.96890966, "tid": 14364240, "type": "buy"}
{"amount": 6.85e-06, "date": 1667676140, "price": 108273.28847, "tid": 14364241, "type": "buy"}
{"amount": 0.02050617, "date": 1667676173, "price": 108289.61173039, "tid": 14364242, "type": "buy"}
{"amount": 0.0159, "date": 1667676241, "price": 108345.04659999, "tid": 14364243, "type": "buy"}
{"amount": 1.025e-05, "date": 1667676241, "price": 108346.90676925, "tid": 14364244, "type": "buy"}
{"amount": 0.01069973, "date": 1667676356, "price": 108281.12835097, "tid": 14364245, "type": "buy"}
{"amount": 4.266e-05, "date": 1667676373, "price": 108293.65947846, "tid": 14364246, "type": "buy"}
{"amount": 0.02000587, "date": 1667676413, "price": 108300.26114286, "tid": 14364247, "type": "buy"}
{"amount": 0.02343143, "date": 1667676499, "price": 108360.46402378, "tid": 14364248, "type": "buy"}
{"amount": 0.03503224, "date": 1667676619, "price": 108415.27744863, "tid": 14364249, "type": "buy"}
{"amount": 8.935e-05, "date": 1667676626, "price": 108314.69475055, "tid": 14364250, "type": "sell"}
{"amount": 0.03267688, "date": 1667676718, "price": 108373.25399034, "tid": 14364251, "type": "buy"}
{"amount": 2.334e-05, "date": 1667676984, "price": 108391.09320354, "tid": 14364252, "type": "buy"}
{"amount": 0.05, "date": 1667677108, "price": 108301.4619, "tid": 14364253, "type": "sell"}
{"amount": 0.01596, "date": 1667677108, "price": 108301.4519094, "tid": 14364254, "type": "sell"}
{"amount": 0.01529, "date": 1667677108, "price": 108301.08458224, "tid": 14364255, "type": "sell"}
{"amount": 0.01789339, "date": 1667677108, "price": 108288.63444, "tid": 14364256, "type": "sell"}
{"amount": 0.0233, "date": 1667677108, "price": 108288.63443187, "tid": 14364257, "type": "sell"}
{"amount": 0.023, "date": 1667677108, "price": 108287.07920001, "tid": 14364258, "type": "sell"}
{"amount": 0.01915, "date": 1667677108, "price": 108275.23953788, "tid": 14364259, "type": "sell"}
{"amount": 0.01834, "date": 1667677108, "price": 108273.93985544, "tid": 14364260, "type": "sell"}
{"amount": 0.01774528, "date": 1667677108, "price": 108255.65122, "tid": 14364261, "type": "sell"}
{"amount": 0.04516, "date": 1667677108, "price": 108239.24004722, "tid": 14364262, "type": "sell"}
{"amount": 0.0473, "date": 1667677108, "price": 108234.06331292, "tid": 14364263, "type": "sell"}
{"amount": 0.17288799, "date": 1667677108, "price": 108205, "tid": 14364264, "type": "sell"}
{"amount": 0.00051045, "date": 1667621636, "price": 109000, "tid": 14363288, "type": "buy"}
{"amount": 4.587e-05, "date": 1667621668, "price": 109000, "tid": 14363289, "type": "buy"}
{"amount": 9.17e-06, "date": 1667621691, "price": 109000, "tid": 14363290, "type": "buy"}
{"amount": 0.01181145, "date": 1667621968, "price": 108950.3032, "tid": 14363291, "type": "sell"}
{"amount": 0.00183497, "date": 1667622022, "price": 108993.19671537, "tid": 14363292, "type": "buy"}
{"amount": 0.00051068, "date": 1667622108, "price": 108989.84018125, "tid": 14363293, "type": "buy"}
{"amount": 0.00017214, "date": 1667622276, "price": 108918.42535, "tid": 14363294, "type": "buy"}
{"amount": 0.00039959, "date": 1667622303, "price": 108911.31764146, "tid": 14363295, "type": "buy"}
{"amount": 8.611e-05, "date": 1667622328, "price": 108923.08757757, "tid": 14363296, "type": "buy"}
{"amount": 0.00463663, "date": 1667622490, "price": 108915.08395041, "tid": 14363297, "type": "buy"}
{"amount": 0.0009233, "date": 1667622811, "price": 108830.79174473, "tid": 14363298, "type": "sell"}
{"amount": 0.00054088, "date": 1667622821, "price": 108931.67988237, "tid": 14363299, "type": "buy"}
{"amount": 0.03388, "date": 1667622839, "price": 108898.06141932, "tid": 14363300, "type": "buy"}
{"amount": 0.00302001, "date": 1667622839, "price": 108898.74391652, "tid": 14363301, "type": "buy"}
{"amount": 2.295e-05, "date": 1667622894, "price": 108890.57621368, "tid": 14363302, "type": "buy"}
{"amount": 0.00010394, "date": 1667623032, "price": 108827.57070001, "tid": 14363303, "type": "sell"}
